3590 5490
605 501 927 561 .-33-

229 682 320 761 putat
352 677 628 741 Aristoteles
662 675 694 760 (l.
719 695 744 742 c.
769 675 806 740 ci.
831 696 928 758 cupra
950 696 1021 758 pag.
1047 678 1112 754 31).
1146 674 1403 756 -Distiuguuutur

130 819 135 826 ·
231 785 312 848 inter
344 804 379 849 se
406 784 503 848 larvis
527 783 681 848 scaenicis
705 785 889 868 παράσιτος
916 787 947 846 et
974 778 1083 862 κόλαξ,
1116 802 1306 862 quamquam
1338 800 1400 846 uon

230 891 362 954 multum
386 890 571 972 differuntll.
1297 876 1299 881 ¹

319 999 388 1061 Iam
420 1017 516 1080 supra
549 1001 631 1079 (pag.
657 1000 689 1078 3)
718 994 1036 1062 commemoravimus.
1059 983 1091 1058 iu
1124 1015 1206 1060 nova
1239 993 1403 1059 comoedia

231 1110 263 1170 et
286 1123 363 1168 voce
386 1099 487 1182 κόλαξ
519 1109 551 1168 et
573 1123 651 1169 voce
675 1098 859 1188 παράσιτος
891 1103 936 1166 uti
963 1105 1102 1184 poetas..
1129 1101 1241 1181 Neque
1265 1100 1401 1165 dubitari

231 1215 344 1294 potest,
368 1211 444 1290 quin
467 1205 651 1295 παράσιτος
673 1209 804 1293 propius
828 1209 961 1274 accedat
977 1208 1018 1271 ad
1033 1207 1183 1271 humilius
1200 1207 1280 1270 illud
1302 1226 1403 1289 genus

231 1317 450 1400 parasitorum,
483 1317 538 1396 qui
570 1337 590 1380 a
614 1315 739 1381 domino
763 1316 843 1380 irato
866 1314 918 1379 vel
950 1316 1086 1396 superbo
1110 1316 1325 1392 verberantur,
1357 1313 1403 1378 ita

232 1429 267 1487 ut
289 1443 382 1488 aures
407 1443 513 1488 eorum
538 1423 698 1488 laceratae
722 1423 792 1504 siut,
816 1427 851 1485 ut
875 1422 950 1486 dicit
973 1420 1088 1485 Pollux
1111 1419 1248 1501 (μᾶλλον
1266 1423 1403 1501 κατέαγε

232 1529 273 1592 τὰ
297 1524 388 1614 ὦτα).
426 1530 544 1594 Contra
563 1530 756 1612 „adulatori‘
776 1529 863 1594 nullo
886 1528 978 1593 modo
1002 1527 1103 1609 flagra
1118 1526 1269 1610 patienda
1292 1525 1404 1608 eunti).

232 1637 346 1702 Vultus
385 1637 453 1702 eius
492 1637 639 1718 callidus,
682 1637 847 1720 subdolus,
890 1635 1066 1700 malitiosus
1107 1638 1155 1698 est
1193 1627 1403 1720 (ἀνατέταται

233 1747 493 1830 κακοηθέστερον
516 1743 575 1820 τὰς
598 1741 724 1829 ὀφρῦς).
763 1743 961 1820 Quinetiam
985 1741 1096 1805 irridet
1118 1737 1220 1820 κόλαξ
1243 1740 1403 1804 domiuum

234 1851 362 1916 stultum
387 1856 419 1916 et
440 1869 475 1914 re
499 1871 575 1916 vera
599 1855 647 1915 est
669 1853 931 1935 κακοηθέστερος
949 1859 1009 1912 τοῦ
1029 1850 1225 1933 παρασίτου.
1256 1847 1403 1911 Attamen

234 1959 294 2022 hae
322 1977 441 2040 parvae
463 1963 584 2022 tautum
607 1977 658 2022 res
682 1961 767 2021 suut:
801 1958 885 2038 quod
908 1955 1129 2038 gravissimum
1152 1960 1209 2035 est,
1232 1954 1404 2024 similitudo

235 2064 290 2128 illa
325 2064 431 2128 avium
465 2065 627 2148 rapacium
662 2065 714 2129 vel
749 2063 843 2143 corvi,
878 2064 1037 2127 larvarum
1073 2063 1236 2144 utriusque
1271 2061 1404 2144 parasiti

234 2170 363 2254 propria
385 2176 442 2235 est.

323 2278 373 2341 Ad
397 2278 548 2342 malitiam
573 2283 605 2343 et
636 2277 780 2342 fraudem
803 2277 1016 2362 parasitorum
1039 2277 1135 2340 etiam
1158 2276 1238 2339 illud
1260 2280 1404 2357 spectare

237 2384 404 2464 existimes,
440 2386 523 2465 quod
551 2390 660 2449 narrat
682 2385 916 2451 Diomedes
940 2384 1024 2469 (pag.
1048 2384 1141 2467 489);
1174 2381 1335 2465 „personis
1359 2381 1405 2443 uti

236 2492 336 2574 primo
361 2492 465 2575 coepit
487 2492 619 2557 Roscius
645 2492 763 2574 Gallus,
782 2492 977 2575 ‘praecipuus
1001 2490 1119 2570 histrio,
1153 2489 1236 2569 quod
1261 2487 1404 2553 oculis

235 2599 464 2682 perversis
489 2604 557 2662 erat
579 2618 683 2680 neque
707 2599 784 2662 satis
801 2598 933 2663 decorus
949 2599 1017 2662 sine
1033 2596 1176 2680 personis
1192 2595 1254 2658 uisi
1276 2615 1404 2678 para-

236 2707 351 2771 situs
375 2703 659 2790 pronuntiabat3).“

328 2833 462 2896 Fuscum
488 2835 536 2894 est
560 2849 594 2894 os
618 2830 759 2913 parasiti,
784 2829 953 2893 adustioris
970 2827 1083 2892 coloris
1100 2832 1190 2891 aestu
1213 2826 1298 2908 solis,
1322 2825 1407 2905 quod

238 2957 363 3022 semper
385 2938 417 3000 iu
441 2937 509 3002 loro
531 2943 684 3018 versatur,
712 2941 747 3000 ut
770 2955 880 3000 cenam
904 2935 965 2998 sibi
989 2941 1129 3015 quaerat.
1174 2933 1234 2998 Vel
1257 2933 1285 2998 si
1308 2933 1406 3015 scrip-

237 3051 337 3110 torem
372 3042 695 3126 psysiognomioorum
735 3041 1028 3106 ‘Aristotelis'
1065 3039 1193 3124 (811B)
1216 3039 1407 3102 audiamus:

238 3145 287 3226 οἱς
314 3147 351 3214 τὸ
379 3153 495 3235 χρῶμα
524 3145 675 3236 ἐρυθρόν,
714 3146 808 3228 ὀξεῖς,
848 3147 899 3211 ότι
927 3143 1037 3210 πάντα
1064 3142 1106 3208 τὰ
1133 3141 1217 3207 κατὰ
1245 3142 1282 3208 τὸ
1311 3149 1405 3226 oripo

236 3252 302 3320 ὑπὸ
345 3258 500 3342 κινήσεως
543 3251 823 3341 ἐκθερμαινόμενα
866 3252 1108 3340 ἐρυθραίνεται.
1167 3253 1254 3317 Bene
1298 3256 1403 3316 autem

238 3363 390 3446 congruit,
430 3363 515 3444 quod
552 3363 725 3446 parasitum
765 3362 947 3426 describens
986 3361 1062 3426 dicit
1096 3361 1250 3425 Dromo
1289 3358 1337 3443 (ir.
1376 3358 1407 3420 ll

238 3472 301 3532 409
316 3469 377 3555 K):

342 3625 607 3715 ἐρυθρότερον
631 3625 768 3692 κόκκου
793 3620 1072 3714 περιπατοῦντ’
1097 3619 1170 3690 ἔσθ’
1195 3622 1283 3711 ὁρᾶν.

328 3808 399 3871 Non
423 3827 495 3872 raro
519 3807 624 3871 vultus
647 3806 779 3890 parasiti
803 3811 1002 3889 comparatur
1026 3824 1095 3868 oum
1119 3803 1206 3867 vultu
1230 3802 1282 3866 vel
1305 3801 1406 3865 fronte

332 4059 350 4125 ι)
369 4057 473 4112 Laruas
492 4055 624 4110 eiusmodi
643 4054 801 4123 parasiticos
822 4052 1001 4122 depinxerunt
1014 4050 1065 4105 Wi
1076 4067 1090 4106 e
1102 4051 1209 4104 soler
1228 4048 1408 4120 (Deukmdler

240 4165 301 4218 pag.
315 4150 350 4200 45
370 4147 412 4201 od.
425 4147 451 4200 V
463 4147 507 4213 47,
526 4145 582 4199 XII
595 4145 620 4209 9,
636 4147 677 4208 11,
692 4143 736 4212 13)
757 4150 785 4198 et
803 4143 955 4196 Winter
977 4140 1005 4194 in
1029 4139 1106 4207 libro,
1131 4137 1177 4207 qui
1199 4138 1279 4194 inser.
1300 4138 1409 4206 Typan-

239 4238 354 4308 katalog
373 4237 402 4291 Π
421 4251 485 4304 pag.
498 4235 559 4299 419,
575 4235 602 4302 1;
622 4235 682 4296 420,
696 4235 725 4300 45
745 4235 806 4299 431,
819 4232 844 4298 3,
856 4234 882 4298 4,
897 4234 921 4296 5,
935 4231 959 4284 7.

330 4329 352 4395 ²)
374 4326 413 4381 cl.
433 4321 728 4398 versusTereutii
747 4321 776 4374 iu
794 4322 863 4376 Eun.
876 4321 928 4374 alc
939 4335 979 4386 sq.

331 4419 351 4484 ³)
371 4416 413 4470 De
445 4413 531 4468 oculis
562 4411 699 4482 perversis
730 4411 913 4479 parasitorum
943 4408 976 4461 of.
998 4407 1209 4473 Wieseler,
1241 4405 1409 4460 Deukmiler

240 4523 303 4577 pag.
319 4505 369 4558 113
385 4503 420 4558 ad
433 4503 474 4556 33.
