3590 5490
856 489 1076 547 -20..

383 668 442 748 est,
467 667 521 746 qui
543 665 651 747 flagris
669 655 854 744 iniuriisque
878 663 1045 746 potiendis,
1069 682 1103 726 se
1123 663 1225 745 ipsum
1249 661 1442 725 irridendum
1466 679 1558 744 prae-

383 775 486 838 bendo
512 793 621 844 cenam
646 772 706 836 sibi
730 770 892 851 quaerir1).

472 897 582 961 Novae
600 915 725 976 quoque
751 895 933 959 comoediae
956 893 1141 957 tribuendus
1166 899 1214 957 est
1237 893 1396 975 parasitus
1420 891 1562 972 tabulae·

382 1006 435 1069 cui
459 1023 572 1067 nomen
597 1007 644 1066 est
666 1001 895 1094 Asinaria:
919 1001 1112 1064 accusatoris
1137 1000 1220 1064 enim
1244 1003 1352 1082 partes
1369 999 1442 1080 agit,
1466 1001 1557 1062 Arte-

382 1131 509 1175 monam
533 1111 621 1173 iussu
645 1108 763 1172 domini
787 1108 950 1172 certiorem
975 1107 1051 1170 lacit
1075 1107 1114 1170 de
1138 1107 1248 1169 lraude
1273 1106 1385 1169 mariti.

472 1235 509 1297 In
545 1252 674 1296 numero
712 1232 932 1314 parasitorum,
972 1230 1083 1310 quales
1119 1230 1256 1313 oppositi
1291 1235 1364 1292 sunt
1400 1229 1558 1294 Gnathoni

383 1341 532 1419 Terentii,
566 1339 731 1402 habendus
755 1343 803 1402 est
825 1337 984 1420 parasitus
1007 1337 1039 1399 in
1063 1336 1172 1400 fabula
1196 1337 1362 1417 Plauti,
1397 1357 1478 1417 quae
1510 1337 1557 1399 in-

369 1447 532 1511 scribitur
555 1446 744 1528 Captivi.
791 1444 953 1507 Parasitus
978 1444 1141 1507 esthemo
1165 1443 1365 1522 miserabilis,
1393 1445 1557 1528 pauperri-

382 1575 466 1635 mus3
498 1573 549 1616 res
575 1554 642 1616 eius
665 1553 824 1635 pessimae
857 1557 929 1614 sunt
962 1571 1066 1631 neque
1091 1551 1258 1631 quisquam
1282 1571 1353 1614 eum
1382 1553 1422 1615 ad
1447 1572 1557 1615 cenam

383 1661 517 1724 invitare
541 1660 700 1740 dignatur:
730 1679 793 1738 qua
817 1659 855 1722 de
888 1679 985 1722 causa
1010 1659 1152 1738 queritur
1174 1663 1350 1740 temporum
1374 1659 1558 1740 iniquitates

384 1768 605 1851 vituperatque
630 1767 849 1830 adulescentes
875 1766 995 1846 divites,
1021 1765 1074 1845 qui
1097 1765 1270 1847 parasitum
1296 1765 1382 1827 alere
1406 1766 1512 1828 nolint.

472 1902 574 1980 Atque
592 1907 625 1963 ut
641 1901 813 1982 Ergasilus,
831 1901 874 1962 ita
892 1898 1071 1962 Gelasimus
1088 1898 1119 1961 in
1136 1897 1286 1961 Plauti
1310 1899 1481 1980 comoedia,
1507 1901 1559 1962 oui

382 2027 495 2071 nomen
517 2012 564 2070 est
584 2005 807 2090 Stichus²)‚
827 2005 937 2070 ¹multis
957 2004 1062 2067 verbis
1079 2004 1221 2083 queritur
1239 2005 1354 2066 famem
1372 2025 1470 2078 suam,
1495 2025 1559 2086 qua

383 2114 563 2196 impellitur,
597 2120 630 2176 ut
658 2133 692 2176 se
721 2132 841 2192 suaque
867 2112 972 2175 omnia
995 2109 1119 2174 vendat.
1166 2110 1283 2173 lterum
1317 2116 1411 2190 atque
1442 2105 1558 2174 iterum

382 2221 525 2284 ridiculis
550 2220 640 2284 dictis
665 2219 890 2298 blanditiisque
920 2218 1059 2281 favorem
1084 2216 1202 2282 domini
1235 2223 1477 2299 recuperaturus
1502 2223 1558 2299 est,

383 2329 495 2391 iterum
520 2332 617 2407 atque
641 2328 755 2390 iterum
779 2326 895 2388 frustra
919 2309 1067 2388 laborans
1085 2324 1168 2388 omni
1192 2345 1247 2406 spe
1266 2324 1396 2388 dimissa
1418 2332 1557 2390 maestus

382 2434 503 2497 recedit
527 2456 546 2496 a
569 2454 694 2498 scaena.

471 2559 641 2622 Peniculus
666 2579 792 2638 quoque
815 2557 846 2619 in
872 2557 999 2619 Plauti
1026 2556 1143 2636 labula‚
1173 2575 1255 2635 quae
1279 2556 1460 2619 inscribitur
1484 2558 1557 2620 lle-

382 2665 567 2745 naechmi‚
599 2666 692 2730 homo
722 2684 795 2727 vcre
824 2664 983 2746 parasitus
1008 2668 1063 2728 est.
1109 2663 1281 2726 iucundam
1307 2663 1433 2743 quidem
1461 2664 1558 2727 vitam

384 2772 457 2852 agit,
489 2773 591 2834 itaut
616 2777 779 2836 contentus
803 2771 845 2833 sit
868 2775 952 2833 sorte
977 2790 1035 2832 sua
1059 2770 1251 2848 summisque
1275 2768 1423 2833 laudibus
1448 2772 1559 2834 efferat
1661 2764 1663 2766 ’

382 2884 556 2960 patronum.
605 2878 668 2941 Sed
695 2878 806 2941 fraude
831 2897 865 2939 se
891 2876 1054 2959 deceptum
1081 2881 1111 2939 et
1135 2895 1223 2957 spem
1248 2895 1345 2938 cenae
1371 2876 1412 2940 ad
1435 2878 1557 2940 irritum

381 2985 543 3047 redactam
568 3005 637 3047 esse
661 2990 748 3046 ratus
774 2987 835 3062 (vv.
855 2986 1007 3061 446sqq.)
1033 2983 1155 3044 ulturus
1180 2989 1227 3045 est
1250 2982 1407 3046 dominum
1433 2989 1558 3046 secreta

383 3091 450 3153 eius
474 3091 565 3154 uxori
589 3111 729 3153 narrans

471 3217 507 3277 ln
540 3235 648 3278 novo
679 3214 814 3293 quodam
839 3233 956 3294 genere
981 3213 1200 3294 parasitorum,
1234 3213 1319 3291 quod
1342 3214 1374 3276 in
1399 3234 1482 3278 nora
1506 3234 1556 3277 eo-

382 3323 507 3386 moedia
532 3325 632 3385 ortum
658 3341 727 3383 esse
748 3321 873 3383 videtur
896 3340 999 3399 neque
1023 3320 1054 3381 in
1080 3319 1250 3382 comoediis
1275 3320 1412 3402 priorum
1436 3327 1556 3404 tempo·

473 3567 493 3637 1)
514 3567 658 3621 Invenitur
683 3582 788 3633 quoque
816 3567 951 3633 parasitus
980 3565 1034 3632 ille,
1065 3566 1109 3633 qui
1134 3566 1264 3634 coniungi
1292 3568 1363 3619 solet
1386 3583 1446 3620 cum
1471 3567 1557 3622 milite

383 3656 501 3724 glorioso
521 3656 549 3708 in
568 3657 609 3709 Pl
621 3655 706 3709 auti
725 3655 825 3720 labala,
846 3671 914 3722 quae
933 3655 1091 3708 inscribitur
1110 3655 1133 3706 B
1144 3671 1159 3708 a
1170 3671 1183 3706 c
1194 3671 1208 3706 c
1219 3655 1236 3707 h
1247 3654 1256 3707 i
1267 3655 1308 3707 dc
1319 3672 1339 3708 s.
1377 3655 1471 3723 Neque
1490 3672 1556 3710 vero

383 3762 415 3799 ex
428 3747 479 3797 hac
493 3745 640 3811 comoedia,
660 3745 746 3811 qualis
760 3744 874 3812 parasiti
886 3760 1011 3811 persona,
1032 3758 1100 3810 quae
1113 3759 1179 3797 uera
1192 3748 1220 3796 et
1238 3743 1326 3810 prima
1341 3745 1430 3797 torma
1448 3745 1557 3798 tabulae

383 3834 502 3886 Graecae
522 3833 613 3898 fuerit,
637 3833 763 3901 intellegi
786 3840 890 3900 potest;
920 3850 981 3884 nam
1002 3833 1155 3899 complures
1179 3832 1288 3885 fabulae
1311 3837 1403 3900 partes
1423 3832 1556 3887 excidisse

382 3921 553 3989 perspicuum
574 3929 615 3974 est
639 3923 684 3988 (cl.
706 3938 773 3988 quae
793 3921 999 3989 explicaverunt
1022 3920 1183 3973 Ritschl
1207 3921 1234 3973 in
1255 3921 1394 3987 opusculis
1413 3922 1508 3989 philol.
1527 3922 1557 3975 H

382 4027 444 4078 pag.
459 4012 510 4062 292
525 4016 553 4063 et
571 4011 746 4064 Ribbeck
764 4010 793 4063 in
812 4010 864 4062 Rh.
878 4011 946 4063 llius.
960 4011 994 4059 ta
1014 4025 1077 4076 pag.
1093 4009 1162 4075 111).
1200 4009 1282 4062 Haud
1301 4009 1355 4062 scio
1370 4026 1403 4062 an
1421 4010 1557 4078 parasitus

384 4107 411 4153 et
434 4101 462 4152 in
486 4101 536 4152 hae
561 4100 654 4152 fabula
678 4109 705 4152 et
728 4099 755 4151 in
780 4099 920 4152 comoedia
939 4099 1111 4162 Menandrea,
1141 4114 1209 4164 quae
1232 4097 1313 4151 inser.
1333 4099 1384 4151 Ais
1404 4099 1556 4166 ἐξαπατῶν,

385 4204 463 4254 quam
485 4188 619 4241 imitatum
633 4203 693 4242 esse
706 4188 835 4239 Plautum
847 4185 994 4238 verisimile
1009 4194 1058 4253 est,
1079 4185 1187 4240 adiutor
1205 4185 1290 4239 fuerit
1310 4187 1410 4240 domini
1429 4188 1456 4240 in
1476 4190 1557 4242 rebus

382 4277 519 4329 amatoriis
538 4277 606 4329 bene
625 4276 808 4344 perficiendis.

472 4393 492 4459 θ)
513 4393 553 4444 ne
569 4391 764 4460 compositione
783 4391 891 4446 rasurae
911 4397 1038 4459 egerunt:
1060 4357 1173 4444 senon
1194 4391 1298 4458 (natira.
1315 4393 1403 4458 1874),
1424 4392 1553 4446 cirson]

382 4481 505 4551 (Parerg.
525 4479 540 4532 Ι
559 4498 621 4548 pag.
641 4482 693 4532 280
704 4482 782 4548 sqq),
802 4481 874 4533 Leo
894 4481 937 4546 (G.
953 4479 984 4534 G.
999 4481 1030 4532 A.
1047 4482 1133 4547 ilion).
