3590 5490
707 491 905 550 ..7-

98 751 102 759 .
217 665 404 747 saepissime
419 670 531 748 poetas
548 665 684 730 comicos
702 684 740 728 ea
761 664 899 740 imitatos
916 683 986 729 esse
1003 668 1145 746 apparet.
1191 663 1255 729 Sed
1269 668 1389 728 notan·

217 771 291 835 dum
311 776 360 836 est
382 772 413 834 in
438 770 508 855 ipsa
532 771 732 854 Odyssea
755 767 773 831 o
798 774 939 851 277sqq.
963 790 1065 854 paene
1082 770 1123 834 ad
1139 770 1287 835 scurriles
1303 770 1389 835 iocos
1449 836 1452 841 ,

219 877 411 942 descendere
427 883 532 940 vatem
549 877 715 957 quendam,
735 896 805 940 oum
822 877 976 940 Helenam
992 877 1090 941 iaciat
1105 877 1282 942 imitantem.
1295 896 1389 942 voces

218 983 385 1048 mulierum
407 983 609 1066 Argivorum:
671 1017 674 1022 ·

321 1143 392 1226 τρὶς
416 1141 451 1206 ἀὲ
475 1144 684 1226 περίστειξας
705 1141 815 1205 κοῖλον
839 1139 935 1222 λόχον
960 1141 1183 1227 ἀμφαφόωσα,

291 1327 293 1332 ¹
327 1247 361 1312 ἐκ
385 1244 414 1312 δ’
437 1247 659 1335 ὀνομακλήδην
685 1257 821 1312 Δαναῶν
845 1247 1003 1330 ὀνόμαζες
1025 1247 1185 1332 ἀρίστους,

323 1359 457 1419 πάντων
480 1349 628 1442 Ἀργείων
653 1355 764 1440 φωνην
788 1349 912 1419 ’ίοκοοό
935 1354 1115 1434 ἀλόχοισιν·
1200 1380 1202 1386 ·

324 1461 426 1549 αὐτὰρ
451 1457 513 1546 ἐγὼ
538 1462 593 1524 καί
620 1460 773 1548 Τυδείδης
794 1455 850 1525 καὶ
874 1460 944 1538 ἀῑος
965 1456 1128 1538 Ὀδυσσεὺς

297 1567 298 1572 ’
323 1569 434 1654 ἥμενοι
461 1565 493 1631 έν
516 1571 681 1650 μέσσοισιν
706 1567 897 1650 ἀκούσαμεν,
923 1568 968 1645 ὡς
992 1565 1136 1655 ἐβόησας.

323 1687 383 1739 νιῖιι
406 1673 464 1757 μὲν
489 1674 666 1762 ἀμφοτέρω
689 1677 887 1761 μενεήναμεν
911 1671 1113 1761 ὁρμηθέντες

322 1779 341 1864 ἢ
366 1779 579 1864 ἐξελθέμεναι
602 1779 622 1864 ἢ
646 1779 783 1845 ένάοθεν
808 1775 885 1864 αἶψ’
909 1779 1110 1845 ὑπακοῦσαι·

321 1882 391 1951 ἀλλ’
416 1882 559 1952 Ὀδυσεὺς
581 1891 736 1972 κατέρυκε
758 1887 813 1950 καί
837 1886 973 1967 ἔσχεθεν
997 1885 1113 1969 ἱεμένω
1138 1908 1212 1972 ντερ.

304 2066 603 2131 Commemorandus
619 2051 717 2130 etiam
734 2066 879 2158 hoolooo
896 2069 1073 2152 Μαργίτης,
1093 2065 1183 2130 ouius
1198 2065 1389 2131 mentionem

213 2172 290 2236 lacit
317 2171 551 2237 Aristoteles
586 2173 630 2253 (in
659 2173 712 2236 lib.
736 2173 791 2252 qui
815 2178 862 2236 est
886 2172 1007 2244 deart.
1030 2177 1114 2255 poet.
1137 2172 1181 2236 IV
1204 2192 1277 2255 pag.
1304 2177 1388 2238 1448

213 2280 249 2342 Β.
271 2283 312 2343 28
337 2280 431 2361 sqq.):
452 2285 550 2359 Ι,,Τιῑιν
573 2276 632 2359 μὲν
657 2271 712 2340 οὖν
736 2276 803 2363 πρὸ
826 2271 963 2362 Ὁμήρου
989 2275 1119 2352 οὐδενὸς
1142 2274 1256 2359 ἔχομεν
1282 2275 1389 2342 εἰπεῖν

213 2395 362 2448 τοιοῦτον
385 2388 514 2469 ποίημα
539 2383 594 2468 (so.
612 2387 747 2469 μίμησιν
770 2395 835 2446 τῶν
860 2383 1007 2469 φαύλων)
1032 2381 1118 2459 εἰκὸς
1142 2381 1177 2447 δὲ
1201 2376 1284 2447 εἶναι
1308 2385 1389 2448 νεολ-

213 2490 302 2566 λοιίς·
329 2488 397 2553 ἀπὸ
420 2488 455 2552 ἀὲ
474 2483 612 2575 Ὅμηρον
633 2488 829 2576 ἀρξαμένοις
845 2488 940 2570 ἔστιν,
959 2485 1029 2553 οῖον
1046 2486 1168 2553 ἐκείνου
1186 2487 1203 2553 ὁ
1219 2495 1395 2577 Μαργίτης

213 2597 266 2660 καὶ
291 2598 332 2660 τὰ
356 2607 492 2660 τοιαῦτα
516 2634 560 2644 -
585 2635 625 2642 -
651 2634 692 2642 -
718 2597 830 2683 ὥσπερ
855 2594 890 2659 ἀὲ
913 2597 969 2658 καί
992 2596 1032 2659 τὰ
1057 2594 1222 2660 σπουδαῖα
1245 2596 1387 2678 μάλιστα

212 2703 352 2788 ποιητὴς
378 2697 519 2789 (Όμηρος
547 2695 584 2785 ἦν
619 2741 658 2749 ——
689 2741 731 2750 -
761 2742 802 2749 -
832 2701 916 2766 οὕτω
945 2703 998 2766 καὶ
1026 2703 1067 2766 τὰ
1096 2712 1154 2789 τῆς
1181 2702 1387 2788 κωμῳδίας
1497 2767 1498 2770 ,
1523 2719 1525 2722 “

212 2812 387 2895 σχήματα
408 2821 542 2894 πρῶτος
560 2806 741 2889 ὑπέδειξεν,
764 2809 800 2872 οὐ
820 2809 926 2892 ψόγον
943 2808 1025 2873 ἀλλὰ
1048 2807 1090 2873 τὸ
1115 2809 1268 2893 γελοῖον
1293 2807 1385 2896 ἀρα-

211 2918 498 3001 ματοντοιήσας·
527 2912 543 2978 ό
573 2915 635 3000 γὰρ
666 2919 835 3001 Μαργίτης
862 2915 1021 2999 ἀνάλογον
1054 2913 1120 2995 ἕχει
1149 2917 1261 3004 ὥσπερ
1291 2910 1386 2992 Ἰλιὰς

212 3023 266 3086 καὶ
294 3016 454 3086 Ὀἀόσσεια
482 3020 568 3106 πρὸς
595 3022 655 3097 τὰς
681 3020 875 3105 τραγφάίας,
906 3021 990 3084 οὕτω
1018 3023 1072 3085 καλ
1098 3017 1192 3099 οὗτος
1215 3020 1301 3108 πρὸς
1326 3023 1386 3098 τὰς

211 3127 417 3212 κωμῳδίας.“
465 3127 587 3204 Quibus
612 3147 682 3192 cum
705 3129 810 3193 verbis
833 3129 929 3192 velim
957 3128 1109 3209 conferas,
1143 3149 1225 3210 quae
1249 3149 1384 3194 comme-

211 3240 313 3301 morat
337 3235 496 3300 Suidas
521 3234 581 3321 (Il1
600 3255 672 3317 pag.
690 3238 818 3315 695,14
834 3235 973 3317 Bernh.),
997 3235 1082 3317 apud
1106 3254 1200 3315 quem
1216 3239 1385 3320 Μαργίτης

211 3346 271 3406 est:
296 3340 377 3426 ἀνὴρ
402 3337 458 3404 ἐπὶ
481 3342 591 3425 μωρίᾳ
614 3338 911 3426 κωμῳδούμενοςῙ).

300 3446 383 3523 Quin
407 3449 502 3513 etiam
520 3447 658 3529 origines
680 3428 827 3530 typorum
850 3447 976 3512 illorum
994 3449 1191 3528 comicorum,
1216 3449 1326 3530 quales
1351 3449 1382 3512 in

211 3554 381 3620 comoediis
414 3554 623 3637 posteriorum
656 3559 833 3637 temporum
861 3558 941 3634 sunt,
974 3554 1006 3617 iu
1031 3555 1223 3622 carminibus
1247 3555 1310 3621 illis
1332 3576 1381 3620 re·

209 3662 382 3744 pariuntur,
398 3667 433 3724 ut
451 3661 588 3744 exempli
604 3660 708 3743 gratia
723 3661 756 3723 iu
773 3661 920 3740 carmine,
938 3661 988 3724 oui
1005 3680 1117 3725 nomeu
1134 3666 1182 3726 est
1197 3664 1382 3747 Κέρκωιτες,

210 3767 249 3831 de
275 3787 336 3847 quo
361 3765 437 3832 dicit
460 3766 611 3832 Weloker
638 3767 670 3851 (l.
695 3786 719 3831 o.
743 3771 815 3830 tom.
838 3767 854 3830 I
880 3788 952 3850 pag.
976 3767 1069 3852 409):
1104 3768 1185 3847 „Die
1209 3768 1381 3851 Kerkopen

209 3873 490 3938 soheinen...das
509 3873 736 3937 bedenteudste
760 3872 1006 3937 satirisohe
1032 3857 1381 3938 Oharakterbild

210 3980 273 4044 und
299 3981 341 4043 im
366 3979 521 4059 derbsten,
550 3981 649 4044 durch
674 3979 848 4062 mythisohe
872 3979 1088 4061 llinkleiduug
1115 3999 1175 4043 nur
1197 3981 1303 4062 weuig
1326 4001 1379 4061 ge·

208 4086 364 4168 zugeltem
387 4087 508 4151 Humor
534 4087 696 4168 gediohtet
727 4106 876 4169 gewesen
908 4107 947 4150 zu
979 4086 1076 4152 sein.“
1124 4089 1302 4172 Κέρκωντες
1333 4087 1380 4152 illi

209 4198 299 4257 erant
320 4192 463 4257 homines
486 4192 656 4258 mendaces
680 4197 712 4258 et
740 4191 879 4273 fallaces,
908 4193 1023 4272 quibus
1046 4192 1213 4256 mendacia
1236 4199 1268 4257 et
1290 4193 1379 4258 calli·

209 4297 306 4362 ditate
334 4317 393 4362 sua
421 4297 592 4364 similitudo
617 4299 774 4379 quaedam
802 4298 1107 4378 adulatorum'erat;
1141 4318 1203 4379 quo
1227 4298 1269 4380 fit,
1302 4304 1380 4363 uta

299 4475 320 4540 1)
340 4473 478 4527 Cisohol.
496 4475 532 4528 ad
550 4473 718 4530 Aristot.
738 4474 801 4530 Etln
815 4474 956 4530 NicVI'l
976 4481 1004 4528 et
1022 4474 1223 4529 Plutarch.
1243 4474 1378 4532 Dem‘l3.
