3590 5490
747 535 968 594 ‚17ss

275 705 407 788 parasiti
440 706 601 788 ingenium
630 707 877 789 cognominibus,
907 707 1020 788 quibus
1049 707 1237 790 appellatur,
1266 708 1305 772 de
1334 709 1447 789 quibus

275 812 340 892 egit
362 813 559 878 Ribbeck
582 811 602 874 l.
627 832 650 875 c.
675 832 747 895 pag.
769 815 908 891 70-76,
933 818 964 876 et
987 812 1129 896 plurimis
1154 812 1216 877 illis
1242 813 1281 878 de
1305 815 1446 897 parasito

274 918 457 1000 proverbiis,
482 937 564 998 quae
589 923 752 982 enumerat
775 918 972 982 Ribbeck
995 918 1015 984 l.
1040 938 1064 982 c.
1087 939 1160 1002 pag.
1186 923 1370 987 roo—105.

362 1025 498 1090 Maxime
521 1025 646 1088 variant
669 1044 788 1106 genera
811 1025 1030 1108 parasitorum,
1055 1025 1163 1105 qualia
1186 1025 1388 1091 inveniuntur
1412 1029 1445 1092 in

273 1132 443 1196 comoediis
476 1132 721 1212 Menandri,
757 1131 810 1212 qui
842 1151 1010 1214 personam
1044 1132 1132 1196 illam
1164 1138 1320 1197 vetustate
1355 1135 1447 1215 quasi

221 1259 224 1264 ·
271 1238 437 1303 contritam
456 1237 690 1319 redintegrasse
703 1243 735 1302 et
745 1244 879 1328 venusta
891 1258 1011 1302 morum
1026 1239 1238 1322 descriptione
1250 1240 1282 1303 in
1296 1260 1444 1305 scaenam

269 1350 432 1424 tamquam
448 1345 625 1408 restituisse
643 1349 673 1410 61
697 1346 728 1408 111
746 1345 880 1427 gratiam
897 1346 1107 1428 spectantium
1127 1365 1295 1410 revocasse
1312 1347 1445 1413 videtur.

154 1533 158 1540 Ι
269 1453 426 1536 Imprimis
461 1472 577 1516 novum
614 1452 693 1516 illud
731 1472 831 1534 genus
866 1453 1091 1534 parasitorum,
1131 1452 1215 1532 quod
1254 1453 1445 1533 aliquotiens

271 1559 472 1637 coniungitur
488 1578 558 1622 cum
573 1558 672 1622 milite
688 1558 836 1640 glorioso,
859 1558 1067 1622 Menandrum
1090 1559 1226 1640 primum
1246 1559 1278 1623 in
1295 1579 1444 1624 scaenam

269 1665 457 1749 produxisse
487 1666 656 1730 verisimile
685 1672 741 1731 est.
787 1665 891 1730 Velim
920 1665 1073 1748 conteras,
1105 1686 1187 1747 quae
1217 1666 1356 1749 explicat
1379 1667 1443 1732 Leo

269 1771 383 1856 (Plaut.
407 1772 534 1837 Forsoh.
558 1793 629 1854 pag.
656 1775 717 1834 103
742 1773 822 1837 Ann.
849 1772 894 1856 1):
929 1773 1122 1851 „Menander
1153 1773 1208 1836 hat
1236 1774 1297 1837 den
1330 1773 1441 1854 gldok-

268 1879 372 1943 lichen
397 1878 573 1943 Gedanken
597 1879 723 1960 gehabt,
748 1871 878 1956 ἀλαζών
902 1879 967 1942 und
990 1878 1091 1957 κόλαξ
1113 1879 1442 1962 zusammennuldgen,

268 1986 329 2048 den
354 1986 518 2050 Parasiten
543 1985 614 2050 dem
637 1987 828 2050 Bramarbas
853 1985 900 2048 als
916 1986 1006 2050 Folie
1029 2006 1084 2049 nur
1108 1981 1193 2050 Seite
1217 2007 1255 2048 zu
1279 1986 1442 2068 geben“.1)

269 2095 433 2156 Parasitus
457 2093 511 2156 ille
527 2093 624 2157 multo
642 2092 786 2156 callidior
802 2097 851 2156 est
867 2093 992 2157 domino
1009 2097 1040 2156 et
1057 2110 1128 2157 eum
1144 2092 1218 2157 dcta
1235 2093 1442 2159 admiratione

268 2207 300 2263 et
316 2199 462 2263 simulato
480 2199 632 2279 obsequio
650 2199 797 2262 adulatur
810 2198 1000 2279 excellitque
1016 2200 1196 2263 urbanitate
1213 2205 1244 2264 et
1259 2201 1442 2282 sagacitate,

269 2326 332 2387 qua
359 2307 452 2370 valde
486 2311 615 2388 superat
647 2311 678 2371 et
711 2306 870 2370 dominum
904 2306 1032 2369 militem
1067 2311 1098 2370 et
1132 2311 1253 2371 ceteros
1286 2309 1442 2391 parasitos

267 2413 406 2494 priorum
433 2418 618 2494 temporum.
663 2413 710 2476 Eo
734 2413 831 2494 igitur
859 2412 990 2476 consilio
1020 2412 1182 2476 coniunxit
1210 2418 1305 2494 poeta
1332 2414 1441 2479 militis

267 2519 462 2601 parasitique
486 2539 647 2601 personae,
680 2524 714 2582 ut
738 2520 920 2583 adulatione
944 2519 1116 2603 parasitica
1149 2520 1310 2600 ingenium
1333 2521 1441 2586 militis

267 2626 487 2705 illustraretur,
500 2626 603 2689 inanis
617 2627 782 2690 ostentatio
798 2627 905 2689 militis
917 2626 1058 2708 parasito
1071 2626 1237 2690 materiam
1251 2627 1440 2692 adulationis

267 2735 435 2814 praeberet
459 2731 645 2811 indolesque
669 2732 736 2794 eius
759 2731 933 2814 patefieret.

356 2839 398 2902 Ut
414 2839 541 2920 ingenio
559 2844 590 2900 et
606 2838 726 2901 ratione
743 2858 813 2901 sese
830 2839 970 2919 gerendi,
987 2839 1032 2902 ita
1049 2839 1138 2902 larva
1152 2859 1277 2919 quoqne
1293 2840 1440 2904 scaenica

266 2945 372 3009 differt
388 2964 487 3008 novus
505 2942 559 3006 ille
582 2943 740 3024 parasitus
758 2965 777 3005 a
794 2944 906 3007 ceteris
930 2945 1088 3027 parasitis,
1113 2950 1147 3008 ut
1171 2953 1304 3028 apparet
1329 2966 1368 3010 611
1392 2947 1440 3029 iis,

267 3072 348 3131 quae
373 3052 454 3114 inira
477 3050 509 3113 in
535 3050 638 3132 capite
663 3055 773 3128 quarto
799 3051 1104 3114 demonstrabuntur.

355 3159 477 3222 Novum
499 3155 577 3219 illud
598 3176 697 3236 genus
718 3156 848 3237 parasiti
873 3156 971 3219 fuisse
991 3157 1023 3220 in
1047 3158 1252 3247 Menandri
1267 3161 1438 3240 comoedia,

266 3264 316 3328 oui
340 3284 453 3328 nomen
477 3269 525 3327 est
548 3258 667 3342 Κόλαξ,
692 3268 824 3344 apparet
848 3270 879 3326 et
899 3283 939 3327 ex
962 3265 1088 3328 nomine
1113 3269 1144 3328 et
1165 3284 1205 3328 ex
1225 3285 1264 3328 ea
1286 3286 1330 3346 re,
1355 3267 1438 3346 quod

264 3371 433 3434 Terentius
461 3369 602 3433 fabulam
631 3369 718 3432 illam
748 3370 887 3433 imitatus
912 3375 959 3434 est
984 3371 1148 3436 comoedia
1180 3392 1246 3452 sua,
1281 3393 1362 3452 quae
1390 3374 1436 3436 in-

264 3479 414 3541 scribitur
438 3475 649 3559 Eunuchus2).

355 3584 451 3646 Cuius
479 3583 608 3646 fabulae
631 3583 844 3646 Menandreae
877 3582 1053 3664 fragmenta
1077 3583 1234 3664 quaedam
1267 3605 1366 3666 nuper
1390 3586 1436 3648 in-

264 3695 359 3753 venta
382 3694 454 3752 sunt
478 3695 573 3768 atque
600 3689 684 3752 edita
707 3690 739 3752 in
765 3688 901 3770 Oxyrh.
925 3689 1011 3771 Pap.
1035 3695 1106 3753 tom.
1128 3690 1175 3752 lll
1207 3711 1278 3772 pag.
1298 3695 1436 3772 17-26,

263 3796 443 3876 dequibus
471 3796 535 3877 egit
563 3797 644 3860 Leo
673 3796 703 3858 in
737 3796 967 3874 „Naebriohten
996 3797 1052 3860 der
1076 3797 1157 3861 Gdtt.
1183 3796 1356 3860 Gesellscb.
1381 3799 1437 3862 der

264 3902 455 3965 Wissenscb.
479 3901 677 3966 Philol-hist.
702 3901 831 3965 Classe
859 3903 917 3980 (ed.
941 3922 1023 3966 anno
1050 3907 1146 3981 1903)
1167 3907 1186 3983 ).

355 4081 375 4144 1)
396 4077 436 4132 Cl.
457 4077 666 4130 Ciceronis
695 4077 780 4130 verba
807 4078 848 4144 (in
868 4068 937 4130 libro
958 4077 989 4131 de
1010 4078 1086 4132 amic.
1108 4095 1164 4144 cap.
1184 4080 1242 4145 26):
1273 4094 1338 4147 ,neo
1356 4097 1434 4147 para-

262 4167 376 4220 sitorum
400 4166 428 4218 in
452 4165 597 4219 comoediis
623 4166 770 4219 assentatio
794 4166 872 4220 nobis
897 4165 963 4219 satis
987 4166 1077 4221 faceta
1100 4166 1246 4234 rideretur,
1271 4168 1323 4220 nisi
1343 4175 1435 4224 esseut

262 4255 364 4309 milites
384 4255 522 4324 61611661.ιι

353 4347 373 4406 ²)
426 4345 526 4410 „Colax
544 4341 724 4397 Menandrist:
745 4343 773 4397 in
792 4348 852 4396 east
870 4343 1007 4410 parasitus
1028 4344 1105 4396 colax

422 4433 458 4485 Et
476 4432 553 4488 miles
573 4432 734 4500 gloriosus“
774 4433 915 4498 (Terent.
936 4433 1003 4484 Eun.
1023 4433 1091 4500 prol.
1111 4449 1153 4487 vv.
1173 4431 1207 4484 30
1221 4435 1273 4500 sq.)

353 4523 373 4586 ⁴³)
393 4520 526 4587 Opinatus
546 4528 590 4575 est
608 4523 671 4586 Leo,
702 4523 902 4576 adulescentem
927 4523 1060 4590 quendam
1084 4523 1112 4576 in
1135 4523 1193 4577 loro
1218 4523 1333 4577 militem
1357 4540 1421 4591 para

1255 4611 1271 4663 2
