3590 5490
754 541 884 609 ...'13
933 581 973 591 ..

278 719 365 786 illam
382 723 580 787 adulatorum
596 724 729 799 turbam,
746 723 800 803 qui
819 725 903 787 bona
919 715 987 787 eius
1004 721 1263 806 abligurriebant,
1288 719 1453 786 comoedia

279 849 346 911 sua,
379 848 462 909 quae
486 828 667 893 inscribitur
689 825 842 908 Κόλοκες,
874 827 992 905 irridet,
1025 829 1069 892 ita
1093 828 1321 911 Aristophanes
1354 823 1451 890 alium

280 931 438 1016 quendam
455 935 600 999 iuvenem
617 935 746 999 divitem
763 941 795 999 et
817 935 984 1018 prodigum
1007 935 1230 1018 parasitosque
1248 935 1316 1000 eius
1333 933 1451 998 derisit.

278 1041 391 1122 Neque
416 1041 553 1105 dubitari
575 1047 688 1123 potest.
713 1041 787 1121 qnin
811 1041 1002 1135 Alcibiades*
1017 1041 1121 1106 fuerit.

368 1146 410 1212 Ut
433 1147 464 1210 in
477 1146 605 1212 ¹tabulis
620 1147 860 1231 Aristophaneis
882 1163 1038 1230 personae
1061 1146 1217 1228 quaedam
1240 1147 1380 1212 moribus
1404 1146 1450 1210 ln·
1502 1175 1503 1180 1

278 1253 444 1336 geniisque
472 1253 682 1336 parasitorum
706 1253 756 1317 vel
786 1254 984 1318 adulatorum
1016 1253 1154 1337 praediti
1184 1260 1264 1334 sunt,
1297 1252 1343 1317 ita
1366 1252 1452 1336 apud

278 1359 358 1424 alios
388 1377 513 1440 quoque
547 1357 779 1425 comoediarum
812 1359 991 1442 scriptores,
1007 1371 1009 1376 ’
1025 1359 1079 1441 qui
1111 1360 1306 1443 temporibus
1330 1359 1450 1423 Aristo-

278 1467 391 1549 phanis
407 1465 541 1546 foerunt,
564 1485 720 1550 personae
736 1465 945 1542 inveniuntur,
963 1487 1045 1548 quae
1066 1465 1184 1531 similes
1208 1465 1271 1530 sint
1293 1467 1451 1550 parasitis,

279 1579 313 1636 ut
345 1572 376 1636 in
411 1571 522 1636 tabula
554 1569 745 1653 Cratini,
792 1592 875 1653 quae
908 1571 1090 1638 inscribitur
1123 1569 1449 1656 Διονυσαλέξανόρος.

278 1680 416 1744 Dubium
441 1699 502 1743 non
528 1663 582 1758 est,
608 1677 684 1760 quin
708 1679 749 1742 ad
771 1677 946 1763 parasitum
970 1684 1113 1764 spectent
1135 1679 1234 1744 verba
1256 1679 1292 1744 fr.
1309 1680 1406 1744 4414:

277 1883 342 1936 τῶν
357 1870 641 1974 βδελλολαρογγων
657 1867 935 1958 ἅνεττογγρλτωνῑ)
951 1873 1039 1958 αὐτῷ
1057 1875 1218 1960 φοιτήσας
1233 1871 1288 1938 ἐπὶ
1305 1869 1448 1937 δεῖπνον.

278 2033 489 2098 dmm&

279 2186 316 2255 οὗ
340 2189 402 2279 γάρ
425 2215 477 2256 τοι
501 2192 538 2257 οὐ
562 2215 598 2277 γε
621 2205 755 2279 πρῶτος
778 2193 916 2280 ἄκλητος
935 2199 1054 2278 φοιτᾷς
1073 2191 1131 2257 ἐπὶ
1148 2191 1291 2277 δεῖπνον,
1308 2191 1448 2278 ἄνηστις.

366 2388 547 2452 Notandum
567 2393 623 2469 est,
646 2385 856 2452 Ribbeokium
881 2407 950 2452 eam
975 2390 1076 2471 ipsam
1093 2391 1225 2470 obrem,
1250 2389 1334 2470 quod
1356 2408 1450 2472 para-

279 2493 370 2558 sitica
394 2493 551 2576 quaedem
575 2493 743 2558 inducatur
766 2513 911 2578 persona,
944 2496 1025 2560 hano
1053 2496 1194 2560 tabulam
1219 2496 1356 2560 alienam
1380 2513 1450 2558 esse

278 2600 496 2664 aretustiore
524 2606 620 2684 poeta
653 2599 782 2683 censuit,
816 2602 1103 2684 assignandamque
1136 2599 1222 2666 illam
1248 2602 1376 2666 Cratino
1400 2619 1448 2664 re-

279 2707 411 2771 centiori
434 2708 579 2791 opinatus
600 2715 655 2789 est,
680 2708 764 2789 quod
788 2708 914 2789 quidem
939 2704 957 2771 ὁ
980 2704 1088 2771 πολλὰ
1112 2703 1310 2772 ἐκδιδάσκων
1334 2702 1450 2792 χρόνος
1474 2769 1499 2794 ,Ἴ

277 2812 480 2896 redarguet.

367 2929 415 2992 ΕΚ
438 2929 485 3009 iis,
510 2949 592 3011 quae
616 2928 907 3011 demonstravimus,
931 2931 1074 3013 intellegi
1097 2930 1283 3014 potentiam
1302 2929 1448 2993 Aristo-

190 3033 192 3036 ’
277 3033 413 3119 phanis
440 3036 635 3118 temporibus
659 3036 791 3119 parasiti
819 3056 985 3119 personam
1010 3037 1112 3118 magis
1134 3036 1300 3119 magisque
1324 3041 1448 3099 auctam

278 3145 310 3204 et
332 3159 453 3204 morum
476 3142 671 3225 proprietate
694 3163 714 3205 a
738 3143 852 3206 ceteris
868 3139 1012 3225 personis
1028 3141 1156 3206 comicie
1172 3147 1353 3226 separatam
1369 3159 1448 3207 esse.

177 3281 178 3284 =
277 3246 359 3309 Nam
375 3248 548 3330 parasitum
572 3246 669 3329 illum,
694 3248 797 3329 qualis
821 3249 979 3312 invenitur
996 3248 1028 3312 in
1046 3248 1216 3313 comoediis
1240 3248 1448 3332 posteriorum

277 3359 461 3435 temporum,
485 3374 546 3418 non
571 3374 644 3418 uno
667 3354 719 3419 die
741 3355 914 3436 perlectum
940 3363 971 3419 et
990 3355 1130 3420 moribus
1147 3356 1240 3420 certis
1257 3355 1448 3436 ingenioque

277 3458 404 3542 proprio
428 3461 614 3524 instructum
639 3481 710 3525 esse
733 3467 880 3544 apparet:
912 3462 969 3526 sed
995 3461 1149 3544 paulatim
1177 3461 1316 3526 adolevit
1339 3466 1370 3524 et
1394 3479 1447 3523 ex·

278 3566 409 3648 planata
440 3567 643 3650 perfectaque
677 3574 724 3632 est
756 3587 892 3650 persona
924 3569 980 3632 illa
1013 3569 1145 3649 comica,
1181 3569 1269 3633 ouius
1303 3567 1448 3649 origines,

278 3678 429 3753 quantum
454 3672 580 3753 quidem
604 3673 672 3738 fieri
694 3674 804 3756 potuit,
828 3675 1016 3762 perscrutati
1039 3695 1155 3741 sumne.

311 3863 312 3868 ἵ
368 3885 551 3968 Eupolis
590 3887 708 3969 primus
747 3887 828 3951 inter
861 3892 971 3969 poetas
998 3861 1240 3952 ‘comoediarum
1274 3887 1447 3952 Atticarum

280 3990 407 4056 chorum
432 3990 629 4055 adulatorum
653 3992 684 4055 in
709 4013 856 4057 scaenam
884 3993 1032 4075 produxit
1064 3995 1095 4057 in
1127 3993 1237 4058 fabula
1268 3994 1331 4075 illa,
1365 4013 1447 4075 quae

366 4203 387 4270 ¹)
408 4202 446 4256 Ol.
468 4219 550 4272 supra
568 4219 631 4272 pag.
651 4205 668 4255 8
688 4220 747 4260 anu.
768 4207 791 4260 1.

366 4292 386 4359 2)
406 4291 448 4344 De
476 4289 624 4360 hypothesi
652 4291 761 4348 fabulae
778 4291 877 4361 'nuper
909 4301 1017 4362 reperta
1041 4295 1122 4348 velini
1156 4295 1278 4349 conferas
1307 4295 1445 4363 Oxyrh.

275 4377 359 4448 Pap.
383 4377 424 4434 IV
447 4397 509 4450 pag.
529 4379 643 4448 69-71,
673 4397 753 4447 quam
780 4381 923 4438 tractavit:
951 4375 1089 4450 Kb'rt'e,
1119 4383 1187 4450 ,Die
1216 4381 1384 4452 Hypothesis
1413 4400 1447 4437 zu

276 4467 413 4522 Kretinos'
443 4469 726 4538 Dionysalexandros“
756 4469 859 4539 (Herm.
885 4473 954 4525 1904
980 4489 1043 4540 pag.
1067 4473 1139 4540 481),
1181 4471 1445 4528 Wilarnowitz

277 4555 385 4622 (Philol.
405 4557 512 4612 Unters.
532 4559 628 4611 XVIII
646 4575 709 4628 pag.
731 4559 780 4611 107
792 4568 851 4627 so).
