3590 5490
400 677 537 742 Sulda
567 677 611 764 (l1
639 697 710 761 pag.
737 682 799 746 122
824 677 950 763 Beruh.)
987 677 1199 761 appellentur:
1231 687 1423 763 πανοῦργοι,
1459 675 1573 757 δόλιοι,

400 782 618 864 ἀπατεῶντες,
657 782 846 860 κόλακες
878 821 920 834 -
953 821 997 836 -
1030 823 1071 832 -
1105 783 1187 868 φασί
1219 781 1255 848 δὲ
1285 783 1361 860 τοὺς
1391 786 1574 869 Κέρκωπας

399 893 570 973 γενέσθαι·

564 1025 702 1101 ῶειίστας
725 1022 921 1110 ἠπεροπῆας
944 1022 1094 1110 ἀμήχανα
1117 1016 1146 1086 τ’
1168 1020 1246 1108 ἔργα
1271 1021 1407 1100 δυέντας

562 1127 828 1218 ίξυπατητῆρας·
853 1130 978 1216 πολλὴν
1002 1123 1031 1196 δ
1056 1126 1114 1196 ἐπὶ
1137 1139 1233 1214 χαῖον
1257 1127 1363 1210 ἰόντες

562 1234 767 1322 ἀνθρώπους
789 1235 975 1304 δπάτεσκσν
998 1236 1065 1302 κτλ.

489 1414 646 1478 Narratur
662 1433 716 1480 eos
736 1416 776 1478 ab
792 1413 930 1482 Hercule
955 1419 1063 1497 captos
1088 1414 1276 1497 etpedibus
1300 1413 1331 1477 in
1355 1413 1472 1480 umeris
1495 1413 1573 1494 eius,

400 1525 435 1584 ut
462 1539 544 1601 sues,
577 1540 748 1604 suspensos
772 1539 856 1588 esse:
889 1525 1029 1585 attamen
1057 1521 1143 1585 nullo
1172 1520 1264 1586 modo
1293 1539 1347 1585 eos
1371 1520 1530 1588 destitisse
1554 1541 1574 1584 a

400 1627 523 1692 facetiis
557 1627 791 1698 adulationibus
824 1627 994 1710 blanditiis,
1026 1628 1072 1693 ita
1104 1631 1138 1690 ut
1169 1627 1315 1694 Herculis
1348 1627 1487 1694 animum
1519 1627 1572 1692 de·

401 1733 555 1798 lactarent
578 1740 610 1798 et
634 1733 822 1817 mitigarent.

489 1839 578 1904 Haec
603 1840 707 1904 omnia
730 1840 972 1928 respicientibus
996 1840 1198 1928 perspicuum
1223 1860 1293 1904 esse
1318 1840 1470 1923 existimo,
1491 1840 1574 1905 uude

400 1945 573 2028 primordia
595 1966 750 2028 personae
774 1947 907 2029 parasiti
931 1951 1000 2011 orta
1023 1947 1093 2010 siut.

490 2053 627 2136 Egregie
644 2057 749 2120 autem
766 2053 888 2120 indoles
904 2054 1115 2136 parasitorum
1129 2053 1317 2121 describitur
1333 2056 1373 2118 ab
1386 2053 1573 2140 epicharmo

401 2160 433 2228 iu
462 2159 634 2241 comoedia,
668 2159 719 2226 cui
742 2179 855 2226 nomeu
880 2164 928 2226 est
951 2152 1060 2236 Ἐλπὶς
1082 2155 1102 2242 ἢ
1127 2158 1270 2236 πλοῦτος
1294 2161 1340 2242 (fr.
1366 2163 1408 2226 34
1430 2158 1574 2244 Kaibellz

561 2330 631 2402 ἀλλ’
656 2334 754 2413 ἄλλος
776 2330 892 2418 ἔστειχ’
916 2333 981 2399 ὧδε
1003 2334 1099 2399 τοῦδε
1122 2336 1205 2398 κατὰ
1229 2334 1336 2412 πόδας

562 2441 618 2508 τὸν
642 2441 779 2532 ῥαιδίως
801 2441 910 2528 λαψῆι
933 2466 971 2505 τυ
995 2443 1056 2509 κὰτ
1079 2439 1116 2506 τὸ
1141 2453 1195 2506 νῦν
1220 2445 1329 2529 χάδην

562 2549 682 2616 εὔωνον
707 2542 865 2612 ἀείσιτον·
892 2543 962 2612 ἀλλ’
986 2547 1095 2634 ἔμπας
1118 2547 1174 2612 δ’δε

565 2653 700 2737 ἄμυστιν
725 2655 837 2742 ὥσπερ
861 2655 975 2718 κύλικα
999 2659 1089 2718 πίνει
1113 2653 1169 2719 τὸν
1192 2657 1272 2738 βίον.

493 2835 532 2897 ut
547 2833 722 2917 parasitum
738 2833 841 2915 ipsum
853 2833 949 2898 vitam
962 2853 1053 2896 suam
1066 2833 1296 2898 describentem
1309 2821 1429 2900 inducit
1442 2835 1490 2918 (lu.
1505 2834 1574 2917 3b):

563 3009 785 3076 Συνδείπνέιον
809 3015 870 3076 τῶι
894 3009 1000 3092 λῶντι,
1024 3010 1157 3076 καλέσαι
1182 3009 1231 3074 δεῖ
1253 3010 1363 3093 μόνον,

563 3119 618 3182 καὶ
641 3121 702 3182 τῶι
726 3140 767 3199 χα
790 3117 834 3202 μὴ
858 3117 984 3200 λεῶντι,
1008 3115 1122 3182 κούδὲν
1146 3117 1195 3184 δεῖ
1218 3118 1328 3184 καλεῖν
1337 3117 1369 3199 1).

563 3224 650 3310 τηνεὶ
675 3221 710 3288 δὲ
733 3226 859 3309 χαρίεις
882 3217 910 3288 τ’
929 3221 996 3305 εἰμί
1019 3223 1073 3286 καὶ
1098 3228 1203 3288 ποιέιο
1228 3224 1331 3288 πολὺν

563 3329 721 3414 palazol)
745 3327 879 3393 καὶτὸν
904 3324 1045 3396 ἱστιῶντ’
1071 3327 1227 3396 ἐπαινέω·

564 3435 661 3504 calm
685 3459 735 3514 τις
759 3436 870 3504 ἀντίον
894 3437 952 3522 (τι)
977 3438 1030 3523 llis
1053 3440 1154 3524 τήνωι
1177 3437 1290 3522 λέγειν,

563 3546 664 3628 τήυωι
687 3541 870 3626 κυδάζομαί
892 3565 928 3607 τε
951 3537 1030 3608 κάπ’
1056 3537 1101 3607 ὦν
1127 3541 1288 3627 ἠχθόμαν,

563 3648 705 3734 κῆπειτα
729 3649 838 3714 πολλὰ
861 3653 1072 3736 καταφαγών,
1097 3643 1193 3714 πολλ’
1218 3647 1346 3734 ἐμπιὼν

494 3863 515 3929 ¹)
534 3861 680 3918 invocatus
693 3861 830 3930 parasitus
843 3860 877 3916 ad
892 3877 984 3916 cenam
998 3859 1081 3928 venit,
1100 3866 1132 3916 ut
1146 3861 1218 3932 apud
1232 3861 1372 3918 eratin
1382 3878 1400 3915 u
1410 3880 1437 3917 m
1456 3863 1489 3922 fr.
1499 3863 1575 3930 4411,

403 3950 622 4022 Epicharm.
641 3950 675 4003 lr.
695 3950 792 4014 272Κ,
811 3949 992 4004 Plautum
1011 3947 1039 4002 iu
1059 3948 1113 4004 lab.
1133 3948 1176 4002 cui
1194 3966 1221 4005 u.
1241 3965 1264 4004 e.
1279 3949 1356 4020 Capt.
1371 3950 1497 4024 v.69sq.
1535 3951 1575 4007 cf.

405 4055 503 4094 versus
522 4038 762 4093 Archilochi
781 4041 875 4106 (supra
894 4055 956 4108 pag.
971 4039 986 4089 5
1005 4053 1066 4092 auu.
1080 4037 1117 4106 9),
1137 4025 1223 4092 A'sii
1242 4041 1335 4107 (supra
1353 4055 1416 4108 pag.
1430 4040 1447 4090 6
1465 4056 1524 4093 auu.
1538 4041 1575 4106 2),

405 4128 541 4197 verbaque
568 4127 755 4182 Platonis
775 4129 907 4194 (συμπόσ.
927 4126 1094 4197 174Asqq.)
1116 4130 1285 4195 „aucupatos
1310 4124 1333 4178 δ’
1354 4127 1458 4197 ἀγαθοὶ
1479 4125 1577 4182 δειλῶν

406 4213 555 4271 salterrae
571 4217 669 4282 taam,
689 4215 789 4284 qulbus
803 4216 836 4270 de
848 4215 938 4270 verbis
957 4221 1076 4284 egerunt
1093 4216 1178 4286 Hug
1196 4215 1233 4281 (in
1254 4215 1373 4272 editione
1392 4233 1441 4272 sua
1459 4216 1577 4272 convivii

405 4305 527 4366 Platonis
555 4322 618 4375 pag.
640 4306 673 4358 12
687 4323 726 4374 q.
754 4311 784 4359 et
810 4305 948 4372 aosaqq.)
977 4311 1005 4359 et
1032 4303 1208 4364 Ribbeck
1236 4303 1308 4370 (lc.
1331 4306 1575 4376 pag.100-102).

405 4394 501 4462 Neque
519 4409 583 4449 vero
602 4394 725 4448 Ribbeck
744 4392 786 4446 illi
804 4391 954 4447 assentitur
974 4393 1020 4460 (ci.
1039 4394 1057 4449 l.
1077 4410 1098 4450 c.
1118 4410 1181 4464 pag.
1197 4395 1247 4446 100
1266 4410 1330 4449 aun.
1346 4397 1380 4463 1).

495 4493 517 4563 ¹)
539 4489 1045 4558 cr.slexic.fr.11365,usou‚
1069 4491 1480 4548 Anaxaud.ir.11139K.
