3590 5490
725 2145 818 2231 Cap.
841 2143 864 2211 I.
922 2163 924 2168 ’

348 2359 358 2368 ’
443 2369 494 2436 lie
519 2369 661 2437 vocibus
685 2365 804 2449 κόλαξ
827 2369 864 2437 et
887 2365 1148 2456 παράσιτοςῙ).

297 2537 505 2603 Olearohus
530 2537 701 2603 Solensis
725 2539 896 2604 memoriae
919 2537 1051 2603 tradidit
1074 2537 1119 2624 (F.
1139 2538 1177 2605 H.
1198 2539 1234 2604 G.
1253 2534 1285 2602 ll
1307 2543 1380 2606 310.

209 2644 254 2712 df.
277 2646 367 2710 Ribb.
391 2645 411 2711 l.
436 2665 460 2709 e.
485 2666 556 2730 pag.
581 2647 613 2730 5)
643 2646 824 2710 adulatores
852 2645 953 2729 primo
981 2644 1080 2709 luisse
1110 2645 1195 2728 apud
1227 2650 1379 2728 tyrannos

209 2749 351 2835 Cyprios.
400 2752 550 2816 Permulti
574 2756 679 2816 autem
703 2772 808 2816 rerum
824 2752 995 2834 scriptores
1012 2750 1162 2816 certiores
1178 2771 1236 2816 nos
1258 2750 1380 2817 iaoiunt
1447 2755 1448 2758 ’

166 2862 170 2869 ’
208 2859 247 2923 de
260 2858 324 2923 illis
336 2859 562 2939 adulatoribus,
578 2859 633 2940 qui
648 2857 783 2933 κόλακες
799 2857 1042 2940 appellabantur
1058 2861 1090 2920 et
1104 2875 1197 2939 reges
1213 2862 1378 2940 tyrannos·

207 2981 324 3046 queso
341 2965 472 3030 oonsilio
493 2965 714 3046 adulabantur,
737 2970 772 3029 ut
795 2963 1015 3029 austeritatem
1040 2968 1072 3028 et
1092 2964 1264 3046 potentiam
1288 2983 1379 3029 suam

208 3078 368 3153 augerent
410 3071 474 3136 Sed
493 3071 584 3136 varia
607 3076 654 3134 est
669 3069 717 3134 vis
732 3070 820 3135 voois
843 3068 949 3148 κόλαξ.
967 3069 1052 3152 apud
1067 3072 1172 3134 varios
1195 3071 1380 3154 sumptores:

207 3183 239 3242 et
261 3175 404 3242 homines
431 3175 631 3242 humilissimi
660 3175 931 3256 sordidissimique
959 3171 1095 3250 κόλακες
1122 3176 1323 3259 appellantur
1346 3185 1379 3244 et

207 3281 303 3366 duoes
327 3283 531 3364 exercituum,
564 3279 774 3365 magistratus,
807 3281 867 3345 viri
891 3279 1064 3346 doctissimi
1091 3279 1334 3365 philosophique
1343 3282 1377 3369 ²).

207 3385 297 3466 Quae
322 3390 361 3455 de
388 3385 437 3454 his
465 3391 560 3454 rebus
588 3389 679 3454 nobis
707 3385 826 3451 tradita
853 3392 933 3467 sunt,
965 3387 1113 3452 tractavit
1135 3385 1279 3453 Ribbeck
1307 3390 1327 3456 l.
1342 3410 1376 3472 o.

205 3517 277 3580 ρας.
318 3499 450 3578 4-11,
505 3496 710 3579 singulosque
756 3495 939 3559 adulatores
983 3494 1167 3559 nominatim
1213 3502 1377 3562 enumerat

218 3623 277 3686 rag.
303 3607 450 3667 76-82.

297 3703 449 3775 Similiter
483 3711 662 3794 παράσιτοι
697 3709 836 3790 antiquis
869 3705 1063 3790 temporibus
1097 3708 1310 3773 honestissimi
1345 3717 1376 3774 et

294 3997 315 4059 ¹)
335 3993 401 4048 Otto
420 3992 542 4047 Ribbeck
565 3991 593 4046 in
612 3991 810 4057 dissertatione,
835 3989 879 4044 oui
901 4005 999 4044 nomon
1022 3995 1065 4044 est
1084 3990 1205 4060 πΚοΙαι1
1226 3989 1373 4061 (Abhaudl.

205 4084 254 4137 der
275 4080 380 4150 kbnigl.
404 4082 492 4138 stolis.
517 4080 666 4136 Gosellsoh.
691 4081 738 4135 der
761 4078 1007 4144 Wissensehuiten,
1034 4077 1242 4136 Fidei-histor.
1266 4079 1373 4147 Kizara,

203 4171 283 4225 Boud
301 4171 351 4238 IX,
370 4171 459 4238 1884),
482 4169 572 4224 multa
590 4176 620 4223 et
636 4169 776 4238 praeclara
794 4168 910 4237 protulit
928 4167 961 4222 de
980 4165 1094 4235 parasiti
1118 4181 1240 4236 persona
1278 4167 1373 4238 Neque

203 4271 271 4315 toro
297 4273 350 4328 ogo
377 4257 490 4324 iterabo,
514 4285 549 4297 -
577 4262 710 4326 quantum
738 4257 846 4325 quidem
874 4257 934 4310 fieri
961 4261 1054 4324 potest
1082 4281 1115 4296 ω-
1140 4271 1209 4324 quoe
1234 4256 1281 4313 illo
1305 4259 1376 4338 bene·

203 4347 374 4506 mugitu&
391 4435 464 4503 opud
482 4435 599 4492 Athen.
619 4435 659 4490 VI
679 4435 774 4488 24111).
794 4435 844 4486 tol
857 4435 888 4488 El.
907 4433 978 4487 XIII
998 4433 1098 4499 584F,
1118 4433 1269 4501 satyrum
1288 4434 1319 4490 ll.
1336 4435 1371 4489 H.

203 4526 236 4585 G.
254 4525 299 4579 m
319 4523 379 4589 161,
398 4523 570 4578 Niooltum
588 4523 675 4580 Dtm.
695 4525 725 4578 F.
744 4524 779 4580 H.
799 4523 831 4578 G.
850 4522 976 4579 111418.

1196 4611 1209 4662 1

659 4884 941 5028 '192401
