3590 5490
859 509 1077 568 -32-

386 688 551 766 oonrparat
585 676 760 764 iisdemque
795 685 861 746 lere
897 683 1003 747 verbis
1039 681 1136 744 utitur
1168 681 1461 745 Antisthenes
1498 685 1560 764 (p.

385 792 496 856 Athen.
522 791 579 871 Vl)
604 795 635 853 et
658 790 881 853 Luoianus
907 789 952 869 (in
977 789 1056 852 Tim.
1082 809 1148 871 oap.
1173 789 1237 872 48).

475 895 546 972 Qua
583 896 622 960 de
665 916 762 960 eausa
800 897 827 959 si
866 914 1088 977 comparamus
1126 895 1320 958 ‘Aristotelis’
1358 894 1560 975 Polluoisque

383 1006 482 1068 verba
506 1024 575 1066 oum
599 987 742 1067 versibus
767 1002 831 1065 illis
847 1001 1077 1085 Aristophanis,
1102 1000 1240 1065 dubitari
1263 1022 1323 1065 non
1349 1006 1460 1084 potest,
1484 1001 1559 1081 quin

384 1112 474 1174 larva
497 1111 561 1191 illa,
592 1130 655 1190 qua
678 1110 821 1172 indutum
846 1109 1005 1173 Theorum
1038 1109 1070 1171 in
1094 1127 1242 1172 scaenam
1266 1108 1415 1190 produxit
1438 1109 1558 1172 Aristo·

384 1217 514 1301 phanes,
533 1216 709 1280 'simillima
741 1215 836 1278 fuerit
867 1215 977 1278 larvae
1000 1215 1133 1295 parasiti
1165 1214 1196 1276 in
1230 1214 1401 1278 oomoediis
1425 1215 1558 1297 posteri-

385 1345 474 1388 orum
496 1331 672 1406 temporum
695 1324 727 1386 in
752 1343 900 1387 soaenam
925 1323 1052 1398 inducti,
1081 1341 1165 1401 quae
1194 1322 1383 1386 describitur
1411 1324 1450 1385 ab
1480 1321 1559 1384 ‘Ari-

386 1432 507 1496 stotele’
533 1440 563 1494 et
586 1431 716 1494 Polluoe
740 1431 758 1492 l.
784 1451 808 1494 o.
833 1467 876 1474 —
901 1428 1003 1505 Quam
1028 1430 1066 1491 ob
1095 1448 1170 1509 rem,
1206 1434 1239 1491 ut
1262 1428 1396 1509 parasiti
1420 1427 1559 1509 origines

385 1539 470 1620 apud
495 1538 738 1620 Aristophanem
771 1538 823 1600 uel
857 1536 1050 1618 temporibus
1084 1535 1151 1598 eius
1176 1535 1384 1616 inveniuntur,
1418 1536 1464 1598 ita
1495 1535 1558 1616 pri-

386 1646 507 1710 mordia
541 1645 650 1709 larvae
684 1665 810 1725 qnoque
843 1643 1011 1707 snaenioae
1043 1643 1175 1724 parasiti
1208 1643 1292 1724 apud
1315 1642 1558 1724 Aristophanem

386 1753 484 1816 fuisse
509 1773 549 1816 ex
572 1753 621 1816 his
645 1751 788 1815 versibus
812 1750 948 1831 intelligi
971 1754 1082 1831 potest.

473 1863 702 1925 Portentuosae
736 1859 834 1922 luisse
869 1858 1016 1921 videntur
1038 1857 1146 1920 larvae
1179 1857 1345 1920 soaenioae
1379 1860 1410 1918 et
1432 1854 1558 1918 habitus

386 1987 552 2049 oorpornm
591 1966 804 2048 parasitorum
843 1965 875 2027 in
914 1964 1150 2047 Eupolidis
1189 1963 1305 2044 fabula,
1346 1981 1427 2043 quae
1466 1962 1557 2029 inser.

386 2069 530 2147 Κόλακες
554 2072 603 2152 (ir.
630 2072 760 2152 156K):

492 2214 547 2276 καὶ
570 2211 626 2277 τὸν
650 2217 807 2297 Κέκροπα
830 2211 981 2275 rovredo
1006 2206 1124 2296 ἆνόρός
1148 2205 1226 2294 φαα)
1251 2209 1335 2288 ἔχειν

492 2323 588 2404 μέχρι
611 2324 676 2382 τῶν
700 2323 862 2398 καχωνῶν,
888 2319 928 2380 τὰ
953 2317 988 2380 δὲ
1012 2320 1163 2380 κάτωθεν
1188 2315 1351 2392 θυννίδας.

384 2482 528 2546 Ribbeck
553 2481 582 2559 (l.
600 2500 624 2545 o.
643 2501 715 2562 pag.
735 2484 786 2560 13)
811 2479 850 2542 de
874 2479 922 2541 his
947 2479 1090 2542 versibus
1115 2479 1203 2542 dioit:
1230 2478 1304 2552 „loh
1320 2482 1470 2554 vermute,
1495 2479 1556 2540 dall

385 2589 511 2653 hiermit
543 2590 622 2679 eben
648 2588 699 2651 die
724 2587 849 2650 Gestalt
881 2587 937 2650 der
969 2583 1103 2661 κόλακες
1135 2587 1166 2648 in
1196 2587 1267 2649 dem
1300 2586 1557 2667 eupolideisohen

386 2695 488 2759 Chore
512 2694 696 2775 vergliohen
719 2697 812 2759 war.“
835 2732 883 2765 —,
904 2694 1005 2757 Simili
1029 2693 1152 2757 ratione
1176 2693 1363 2756 describitur
1386 2692 1557 2756 ridioulosa

386 2803 518 2885 parasiti
542 2803 664 2884 speeies
690 2823 709 2864 a
731 2801 914 2884 Diphilo
939 2802 985 2880 (in
1009 2802 1047 2863 ir.
1067 2800 1195 2882 133K):

547 2963 668 3045 γαστὴρ
693 2960 768 3023 ὅλον
792 2958 829 3023 τὸ
854 2965 956 3041 σῶμα,
982 2972 1132 3044 πανταχῇ
1156 2960 1286 3042 βλέπων

545 3065 733 3153 ὀφθαλμός,
759 3065 861 3150 ἕρπον
884 3078 954 3142 ταῖς
978 3065 1089 3130 ὀδοῦσι
1113 3070 1241 3152 θηρίον.

472 3249 522 3310 De
555 3248 652 3311 larvis
689 3248 886 3330 parasitidis*
912 3248 1023 3328 quales
1055 3248 1182 3311 fuerunt
1215 3248 1246 3310 in
1274 3268 1357 3311 nova
1385 3245 1557 3326 comoedia,

386 3358 495 3416 narrat
521 3354 658 3417 Pollux
683 3355 738 3434 (iv
765 3357 858 3436 148):
887 3351 1004 3436 ,κόλαξ
1031 3352 1090 3434 μὲν
1116 3353 1172 3415 καὶ
1200 3349 1383 3437 παράσιτος
1410 3351 1554 3432 μέλανες,

386 3459 424 3522 od
452 3459 514 3543 μὴν
543 3457 608 3538 ἔξω
637 3448 853 3542 παλαίστρας,
880 3458 1088 3546 ἐπίγρνπται,
1119 3460 1289 3534 adeodate.
1319 3470 1365 3542 τῷ
1390 3457 1425 3521 δὲ
1449 3480 1555 3541 παρα-

386 3570 465 3650 σίτῳ
491 3567 620 3648 ,μᾶλλον
643 3572 780 3650 κατέαγε
803 3568 844 3630 τὰ
869 3562 936 3630 ὦτα
960 3567 1014 3630 καὶ
1039 3563 1256 3653 φαιόρότερός
1280 3563 1375 3646 ἐστιν,
1401 3566 1513 3648 ὥσπερ
1538 3560 1555 3625 ὃ

384 3670 485 3752 κόλαξ
518 3667 714 3736 citerdrosae
746 3679 1007 3760 κακοηθέστεραν
1043 3675 1102 3750 τὰς
1134 3671 1304 3758 ὀφρῦςῙ).“
1361 3671 1483 3748 Quibus
1517 3691 1556 3734 ex

385 3781 490 3844 verbis
507 3781 710 3861 intellegitur,
734 3802 844 3844 nasum
863 3783 1018 3845 adunoum
1034 3782 1196 3864 proprium
1212 3780 1309 3844 luisse
1329 3780 1438 3842 larvae
1462 3798 1554 3860 para-

384 3887 445 3966 siti,
479 3892 512 3949 ut
544 3893 678 3951 rostrum
712 3887 838 3972 eorvi²)‚
872 3909 932 3968 quo
957 3888 1152 3969 significatur
1183 3886 1379 3970 impudentia
1412 3885 1488 3964 eiua,
1521 3890 1556 3952 ut

474 4155 494 4220 1)
515 4153 555 4207 Cf.
575 4153 688 4219 Eurlp.
709 4151 770 4218 Iph.
791 4152 853 4204 Aul.
874 4152 933 4203 379,
954 4149 1031 4209 „liar
1050 4155 1107 4201 dum
1131 4150 1254 4220 βλέφαρα
1277 4147 1399 4204 τάναιδὲς
1419 4153 1555 4218 ἀγαγών’.’“

470 4230 495 4308 ’)
516 4241 555 4295 Oi.
577 4241 658 4295 etiam
678 4240 826 4305 Dieterioh
850 4241 978 4308 lulag.
995 4241 1041 4292 43:
1069 4240 1320 4306 „Bemerlrenswert
1343 4256 1408 4308 mag
1433 4255 1462 4293 es
1489 4238 1554 4306 sein,

387 4330 439 4384 wie
457 4330 559 4398 gerade
580 4329 623 4384 die
642 4330 739 4383 hlaske
759 4329 804 4383 des
823 4329 967 4382 Parasiten
985 4329 1044 4381 ihre
1063 4329 1213 4381 Karikatnr
1231 4328 1259 4381 in
1280 4329 1327 4382 der
1346 4328 1475 4382 welteren
1489 4329 1555 4381 Ent

387 4419 529 4486 wiohlung
560 4418 661 4473 wieder
691 4416 787 4470 immer
817 4435 869 4470 nur
888 4419 977 4470 -darin
1008 4417 1095 4479 suoht,
1128 4418 1208 4470 einen
1236 4417 1389 4484 Tiertypus
1422 4418 1475 4470 den
1506 4418 1554 4470 des

386 4507 595 4575 Schweines,
615 4508 693 4560 rooht
713 4506 833 4560 deutlich
853 4509 1065 4574 aurszupriigen.“
