3590 5490
781 443 979 555 ..l-

453 666 586 750 ἄπειμι·
608 668 726 748 λύχνον
749 661 779 734 d'
797 667 855 748 οὐχ
878 665 896 734 ὁ
920 677 1003 745 παῖς
1023 691 1081 750 μοι
1104 675 1272 754 συμφέρει.

453 772 545 859 ἕρπω
570 769 598 840 d
616 772 827 862 ὀλισθράζων
849 798 886 841 τε
908 775 962 842 καὶ
986 775 1069 842 κατὰ
1091 775 1208 854 σκότος

453 879 585 968 ἕρημος·
605 879 687 948 ,α’ίκα
711 877 740 948 d’
757 878 879 961 ἐντύχω
903 891 973 958 τοῖς
995 881 1203 966 περιπόλοις,
1277 919 1279 926 -

454 981 550 1056 τοῦθ’
573 983 643 1051 οἷον
667 986 797 1074 ἀγαθὸν
821 984 963 1070 ἐπιλέγω
987 998 1058 1064 τοῖς
1080 991 1185 1068 θεοῖς,
1211 987 1263 1055 ὅτι

454 1093 501 1158 od
515 1094 614 1157 λῶντι
637 1094 752 1157 πλεῖον
776 1093 858 1160 ἀλλὰ
881 1097 1092 1178 postquami
1114 1116 1169 1177 με·

454 1198 528 1264 ἐπεὶ
553 1199 590 1264 δέ
612 1195 642 1280 χ’
659 1198 735 1264 εἵκω
760 1198 887 1278 οἴκαδις
909 1204 1145 1287 καταφθαρείς,

455 1307 622 1393 ἄστρωτος
645 1305 743 1374 εὕδω·
767 1307 822 1374 καλ
845 1307 887 1372 τὰ
909 1306 968 1390 μὲν
991 1301 1092 1394 πρᾶτ’
1117 1307 1154 1372 οὐ
1177 1319 1254 1389 κοῶ,

454 1409 493 1494 dg
516 1417 557 1481 κά
579 1408 613 1496 μ’
639 1411 747 1498 (ἔφλων
771 1414 919 1499 ὥκρατος
942 1405 1095 1500 ἀμφέπηι
1119 1419 1251 1502 φρένας.

384 1566 671 1648 Epicharmus
695 1566 792 1648 igitur
816 1571 939 1631 centum
963 1566 1030 1630 iere
1054 1567 1145 1631 annis
1170 1572 1337 1646 antequam
1363 1565 1395 1629 in
1418 1565 1488 1632 ia?
1571 1635 1572 1640 ,

296 1673 377 1737 bulis
401 1673 514 1737 Atticis
537 1692 675 1756 persona
697 1672 753 1736 illa
777 1672 942 1753 invenitur,
965 1672 1106 1755 parasito
1131 1693 1206 1736 usus
1230 1677 1286 1736 est.

382 1780 461 1843 Iam
477 1779 650 1862 primordia
676 1779 809 1862 parasiti
837 1797 1001 1862 personae,
1034 1779 1143 1860 qualia
1175 1780 1205 1842 iu
1240 1779 1467 1844 comoedia

294 1887 445 1950 Attica
467 1885 677 1964 inveniuntur,
701 1891 942 1968 perscrutemur.
970 1885 1042 1948 Non
1058 1905 1130 1949 raro
1146 1885 1178 1948 in
1195 1885 1311 1948 labuils
1329 1885 1466 1965 antiquis

295 1992 415 2072 Atticis,
432 1991 584 2074 imsimis
600 1991 848 2073 Aristophaneis,
864 2011 1020 2074 personae
1039 1992 1071 2056 in
1088 2011 1236 2056 scaenam
1259 1991 1466 2073 progrediun-

180 2169 182 2174 ,
294 2106 353 2180 tur,
378 2117 460 2179 quae
483 2098 623 2162 moribus
647 2097 846 2178 ingeniisque
871 2097 1050 2162 simillimae
1074 2105 1146 2162 sunt
1168 2098 1326 2180 parasitis,
1355 2098 1466 2178 quales

294 2206 326 2268 in
356 2204 527 2270 comoediis
555 2204 764 2288 posteriorum
797 2210 973 2287 temporum
1005 2204 1214 2287 reperiuntur,
1248 2204 1373 2268 etiamsi
1404 2224 1466 2268 non

295 2312 358 2375 iam
382 2310 530 2376 exomni
561 2319 652 2393 parte
684 2311 826 2392 perfecta
854 2315 903 2374 est
929 2330 1066 2393 persona
1090 2310 1150 2374 ilia
1174 2311 1294 2375 comica
1326 2311 1466 2394 parasiti,

294 2437 398 2498 neque
438 2417 580 2481 omnia
617 2417 695 2480 vitia
729 2421 760 2481 et
794 2416 899 2480 malae
934 2423 1019 2481 artes
1053 2417 1245 2500 parasiticae
1280 2437 1350 2482 cum
1386 2438 1468 2480 una

296 2543 421 2607 semper
443 2542 581 2606 persona
604 2524 772 2588 coniuncta
795 2522 908 2606 sunt1).

384 2737 711 2820 Aristophanes
747 2738 858 2801 fabula
892 2737 961 2820 illa,
1001 2757 1083 2819 quae
1117 2738 1299 2803 inscribitur
1331 2729 1467 2818 Ἵπποις,

295 2843 401 2906 illudit
416 2841 566 2908 Cleonem
589 2843 843 2924 botulariumque
866 2843 954 2907 illnm
976 2845 1067 2925 quasi
1091 2845 1247 2928 parasitos
1272 2844 1466 2909 adulatores·

296 2970 357 3031 qne
381 2950 487 3014 Demi:
520 2969 624 3031 neque
656 2951 769 3014 mirum
797 2957 846 3015 est
873 2950 1018 3016 cavillari
1049 2953 1253 3017 acerbissime
1287 2951 1467 3017 adulatores

296 3056 367 3126 ilios
395 3056 505 3144 populi
533 3078 552 3120 a
580 3062 682 3140 poeta,
716 3063 750 3119 ut
782 3057 814 3120 in
848 3058 1019 3121 comoediis
1051 3059 1259 3145 posteriorum
1291 3067 1468 3146 temporum

295 3163 427 3248 parasiti
451 3163 645 3244 singulorum
669 3164 838 3230 hominum.

385 3269 433 3338 De
459 3267 576 3336 Cicone
600 3269 705 3350 agitur
728 3270 871 3335 versibus
894 3272 936 3334 49
948 3288 1030 3352 sqq:

455 3395 549 3480 οὗτος
572 3401 750 3486 καταγνοὺς
772 3412 831 3464 τοῦ
853 3405 1005 3487 γέροντος
1027 3401 1103 3478 τοὺς
1125 3402 1270 3485 τρόπους

458 3505 475 3570 ὁ
498 3508 795 3592 βυρσοπαφλαγών,
820 3505 999 3574 ὑποπεσὼν
1023 3505 1079 3574 τὸν
1104 3507 1275 3595 δεσπότην,

458 3610 579 3702 Ιᾔκαλλ’,
605 3608 763 3695 ἐθώπευ’,
789 3608 994 3696 ἐκολάκευ’,
1020 3612 1169 3704 ἐξηπάτα
1192 3615 1258 3682 κτλ.

386 3757 466 3822 Tum
495 3765 649 3839 narratur,
683 3757 796 3840 quibus
825 3757 961 3821 servitiis
990 3758 1214 3839 blanditiisque
1242 3758 1389 3822 aduletur
1413 3758 1467 3823 do-

297 3866 424 3931 minum.
471 3864 603 3928 Acmuio
631 3864 750 3928 invidet
778 3865 995 3945 obtrectatque
1019 3869 1050 3927 et
1074 3865 1104 3927 ei
1131 3863 1322 3932 maledicere
1345 3863 1467 3946 soiet²).

297 3991 507 4006 -,-...,.-,.

388 4038 408 4105 ¹)
428 4039 469 4094 cf.
484 4056 553 4108 quae
571 4040 719 4108 explicavit
731 4041 776 4096 W.
796 4039 866 4096 Siiss
884 4038 913 4092 in
933 4037 1006 4106 diss,
1026 4054 1095 4106 quae
1114 4039 1196 4095 inser.
1218 4040 1275 4106 ,De
1293 4055 1468 4110 personarum

298 4129 425 4196 antiquae
448 4128 603 4184 comoediae
621 4129 731 4182 Acutae
754 4144 806 4182 usu
833 4133 915 4194 atque
943 4127 1372 4197 origine“(ed.Gicilen1905).
1410 4129 1468 4196 Quo

297 4217 365 4272 libro
385 4217 596 4284 demonstratur,
625 4217 743 4286 origines
772 4217 891 4270 omnium
919 4217 977 4271 tere
1003 4233 1187 4286 personarum,
1216 4233 1285 4285 quae
1312 4217 1341 4272 in
1368 4218 1468 4273 tabulis

298 4305 452 4362 comoediae
479 4322 566 4361 novae
594 4307 623 4361 in
646 4307 759 4360 iormam
780 4306 832 4360 sibi
852 4312 1025 4360 constantem
1045 4306 1172 4360 redactae
1190 4313 1263 4374 sunt,
1291 4305 1344 4362 iam
1363 4307 1470 4363 Aristo-

297 4395 393 4463 phanis
412 4395 580 4464 temporibus
599 4395 625 4448 in
645 4395 790 4450 comoediis
810 4394 901 4451 luisse.

388 4485 408 4550 ²)
429 4483 504 4550 Quae
527 4484 691 4538 obtrectatio
714 4483 897 4552 parasitorum
921 4484 1088 4540 aemulorum
1111 4483 1233 4540 nascitur
1252 4501 1286 4540 ex
1309 4485 1369 4553 ipsa
1391 4502 1468 4554 para-
