3590 5490
790 509 1008 568 ...10-

404 681 473 746 Non
491 682 581 764 parvi
597 682 746 746 momenti
764 691 820 764 est,
845 682 929 763 quod
951 682 1120 766 pollicetur
1135 683 1236 747 Demo
1261 686 1302 762 (v.
1321 686 1399 760 908)
1424 679 1486 764 ἐγὼ

314 784 432 862 δὲτὰς
459 784 581 864 πολιὰς
603 786 639 870 γὲ
663 787 843 871 σούκλέγων
865 793 938 851 νέον
962 791 1102 874 ποιήσειν,
1132 789 1278 869 idemque
1303 787 1342 853 da
1369 788 1487 854 Oleoue

314 893 364 956 vel
390 893 452 957 alio
477 895 569 958 Demi
593 895 758 958 adulatore
782 900 929 958 narratur
952 898 992 958 ab
1017 895 1227 977 Aristophane
1250 896 1286 957 fr.
1311 895 1430 958 dlth:

527 1050 642 1132 ἀόαχεῑ
665 1049 726 1137 γὰρ
752 1052 851 1115 αὐτοῦ
874 1051 930 1116 τὸν
955 1046 1047 1138 ἄκυρ’
1072 1051 1191 1135 ἐκλέγει
1217 1046 1245 1116 τ’
1263 1046 1313 1116 ἀεὶ

527 1155 561 1221 ἐκ
585 1169 643 1222 τοῦ
666 1163 790 1241 γενείου
813 1156 872 1236 τὰς
896 1159 1025 1236 πολιάς.

402 1335 521 1400 Similis
559 1342 606 1400 eet
643 1337 794 1418 adulandi
831 1339 928 1418 ratio,
967 1359 1048 1419 quae
1081 1333 1298 1422 κροκολεγμός
1330 1338 1370 1400 ab
1405 1337 1485 1400 He-

312 1442 694 1526 sychio-appellatur.
729 1443 959 1527 κροκολεγμός·
992 1442 1029 1507 τὸ
1063 1443 1398 1519 κολακευτικιῖις
1425 1439 1485 1518 τὰς

311 1546 471 1633 κροκύόας
494 1541 669 1632 ἀπολέγειν
692 1559 757 1612 τῶν
782 1547 929 1630 ἱματίων.
978 1550 1022 1617 Of.
1040 1571 1122 1632 quae
1146 1556 1429 1614 commemorantur
1452 1549 1484 1611 in

311 1655 440 1720 Bekk.
465 1656 669 1720 Aneodot
692 1657 735 1720 lV
753 1661 807 1720 27:
833 1649 987 1742 ἀφαιρεῖν
1011 1654 1183 1742 κροκύδος·
1205 1653 1262 1718 ε’ττί
1286 1667 1351 1718 τῶν
1375 1658 1486 1717 πάντα

311 1757 496 1824 ποιούντων
525 1760 579 1825 διὰ
608 1762 823 1839 κολακείας.
869 1764 956 1827 Idem
985 1765 1051 1827 lere
1075 1762 1232 1827 invenitur
1254 1762 1339 1846 apud
1364 1762 1484 1825 Aristo·

311 1867 448 1949 phanem
472 1869 503 1933 in
527 1869 586 1933 ino.
603 1868 665 1933 fab.
682 1870 717 1932 ir.
734 1870 853 1933 410K:
883 1866 914 1932 εί
934 1892 984 1944 τις
1006 1865 1173 1932 κολακεύει
1203 1869 1321 1952 παρὼν
1349 1866 1403 1930 καί
1426 1863 1486 1943 τὰς

310 1971 470 2057 κροκύόας
493 1967 656 2061 ἀφαιρῶν,
682 1981 713 2040 et
735 1977 771 2039 fr.
797 1980 874 2040 714:
903 1970 1041 2061 ἀφαιρεῖ
1064 1979 1187 2061 τρίχας.
1214 2013 1254 2020 ——
1280 1974 1362 2051 Quin
1389 1975 1484 2038 etiam

310 2079 535 2164 κροκολεγμός,
561 2082 614 2162 qui
631 2088 768 2162 vooatur,
793 2082 930 2147 oifioium
948 2083 1104 2164 quoddam
1128 2082 1289 2164 proprium
1309 2080 1483 2145 adulatoris

311 2193 387 2268 erat,
419 2192 454 2250 ut
480 2194 589 2252 narrat
612 2189 948 2272 Theophrastus
980 2189 1012 2252 in
1036 2189 1125 2269 libro,
1159 2188 1213 2270 qui
1237 2189 1329 2252 inser.
1355 2187 1483 2250 mernor

310 2304 511 2380 χαρακτῆρες
535 2315 603 2378 eap.
629 2293 689 2379 2¹).

400 2401 442 2465 Ut
473 2402 613 2483 parasiti,
647 2402 692 2466 ita
716 2401 791 2466 Oleo
821 2408 853 2466 et
885 2402 1061 2466 botularins
1094 2402 1148 2465 ille
1182 2377 1326 2466 uertatirri
1358 2400 1483 2466 domino

310 2506 515 2571 blandiuntur
539 2512 598 2587 (vv.
616 2513 678 2572 367
691 2512 783 2589 sqq.):
808 2514 940 2589 uterque
959 2509 1095 2573 Demum
1119 2508 1275 2588 adulatur,
1301 2508 1382 2571 alter
1406 2507 1482 2570 alte-

309 2634 379 2676 rum
403 2619 608 2697 superaturus
633 2620 681 2678 est
705 2615 871 2680 aemulum.
920 2616 960 2679 Ut
984 2615 1161 2698 opprobriis
1178 2613 1391 2694 eonvioiisqne
1416 2633 1482 2677 oer-

309 2725 386 2800 tant,
419 2720 464 2784 ita
492 2721 692 2784 aemulantur
715 2721 805 2802 dona,
834 2723 1022 2787 vestimenta
1050 2742 1084 2786 se
1113 2741 1235 2802 suaque
1263 2721 1368 2785 omnia
1391 2720 1483 2784 Plebi

309 2827 478 2891 offerentes
495 2847 532 2891 eo
550 2828 691 2910 oonsilio,
715 2834 749 2892 ut
771 2830 911 2894 favorem
928 2828 997 2894 eius
1014 2829 1074 2892 sihi
1098 2835 1219 2911 parent
1265 2827 1367 2904 Quam
1384 2846 1482 2910 prope

309 2939 409 2996 artem
442 2938 573 3014 uterque
607 2934 739 2998 aooedat
771 2936 811 2998 ad
845 2941 944 2999 artem
977 2936 1064 2999 illam
1097 2935 1300 3019 parasitioam
1330 2934 1400 2998 aevi
1432 2953 1481 2997 re·

309 3124 443 3191 sitatione,
468 3133 497 3182 et
516 3127 622 3196 saepius
643 3129 761 3184 occurrit
783 3137 815 3183 ut
838 3129 956 3197 exempli
980 3130 1070 3198 gratia
1093 3128 1289 3198 antiquissimis
1313 3126 1481 3196 temporibus

308 3213 336 3267 in
360 3214 524 3271 carminibus
549 3217 708 3270 Homeri
737 3214 854 3288 (Ὀδυοσ.
874 3216 981 3285 XVHI,
1000 3219 1076 3286 XX):
1105 3217 1197 3272 Ulixes
1221 3216 1342 3282 ethus,
1366 3219 1481 3281 uterque

308 3303 458 3370 mendicus,
482 3305 663 3374 parasitorum
687 3306 793 3360 ratione
815 3306 1000 3362 invocati
1023 3307 1146 3361 convivio
1170 3320 1312 3374 procorum
1336 3302 1480 3363 intersunt,

308 3391 384 3445 humi
410 3393 507 3446 sedent
530 3393 576 3460 (oi.
601 3409 670 3448 vers.
694 3394 799 3462 Asii,
823 3411 907 3464 supra
929 3413 992 3466 pag.
1012 3397 1028 3447 6
1048 3412 1109 3449 ann.
1129 3397 1167 3464 2),
1187 3411 1204 3448 a
1223 3391 1345 3447 convivis
1364 3390 1480 3444 illudun-

307 3485 353 3533 tur
372 3487 400 3535 et
422 3482 580 3536 lacerantur
604 3485 646 3548 (ut
668 3483 783 3550 parasiti
807 3499 915 3551 quoque
935 3485 968 3537 oi.
988 3485 1031 3537 Al
1044 3483 1141 3551 oiph,
1161 3482 1248 3546 1116,
1269 3482 1293 3547 7,
1312 3481 1355 3544 4¹5,
1375 3480 1417 3544 46,
1438 3480 1480 3542 51,

308 3570 350 3635 54,
375 3570 417 3636 61,
441 3570 483 3636 66,
512 3570 638 3624 Pluut.
659 3571 736 3639 Capt.
757 3573 799 3638 89,
829 3572 981 3626 (luroul.
1001 3573 1125 3639 394sqq.
1144 3571 1223 3624 Pers.
1242 3570 1296 3636 60).
1339 3567 1392 3622 Sed
1419 3567 1480 3620 Irus

308 3673 408 3711 novum
427 3657 504 3712 illum
524 3659 1005 3727 parasitum-mendicum,
1025 3666 1057 3714 ut
1075 3659 1115 3713 itu
1133 3658 1229 3724 dicam,
1249 3657 1410 3725 expulsurus
1429 3663 1480 3719 est,

308 3745 501 3814 decurruntque
528 3748 619 3803 verbis
646 3747 804 3818 flagrisque.
843 3749 940 3818 Neque
968 3749 1058 3804 aliena
1085 3749 1171 3802 tuisse
1199 3748 1267 3802 talia
1295 3744 1481 3800 contaminas

308 3835 454 3889 comoediis
477 3836 658 3904 posteriorum
680 3842 834 3905 temporum
857 3843 970 3906 apparet
989 3853 1022 3892 err
1040 3837 1215 3905 Aloiphr.
1236 3835 1354 3903 epistula
1373 3833 1418 3887 111
1437 3833 1478 3897 73,

308 3938 362 3990 qua
389 3923 552 3978 describitur
580 3931 718 3979 certamen
747 3925 860 3979 duorum
892 3925 1072 3993 parasitorum
1104 3923 1278 3978 aemulorum.
1319 3925 1324 3933 '
1394 3922 1480 3976 verba

307 4011 517 4066 Plutarchi
546 4015 674 4083 (πῶς’ἅν
697 4033 736 4068 τις
760 4010 845 4082 διακρ.
868 4011 925 4063 κτλ.
953 4029 1016 4082 pag,
1036 4013 1127 4083 65D),
1156 4011 1321 4066 Lucianl
1349 3992 1477 4085 (blumii.

307 4101 349 4164 20,
365 4101 422 4153 150.
444 4101 766 4169 10,139),A1oipnr.
786 4101 831 4154 ΙΙΙ
851 4103 892 4166 58,
913 4101 947 4156 et.
967 4101 1070 4155 Ribb.
1091 4103 1119 4169 (l.
1141 4119 1162 4154 o.
1181 4118 1244 4170 pag.
1264 4102 1318 4168 64).

397 4207 417 4274 1)
438 4207 478 4262 Cf,
497 4223 592 4262 versus
613 4206 748 4261 Ovidii
771 4207 811 4274 (in
830 4214 888 4261 arte
912 4208 1171 4278 amat.1149sq.).
1209 4207 1312 4261 Suadet
1334 4215 1416 4276 poeta
1438 4207 1478 4260 iu·

307 4296 371 4348 veni
390 4294 504 4348 amanti:

415 4400 520 4469 ,thue
538 4400 571 4455 fit
589 4399 616 4453 in
635 4401 771 4468 gremium
790 4401 879 4469 pulvis
898 4401 921 4456 si
940 4403 1011 4457 torte
1030 4404 1137 4472 puellae

414 4488 553 4551 deciderit,
573 4488 669 4558 digitis
689 4490 867 4545 excutiendus
886 4492 964 4545 erit.“
1004 4493 1057 4563 (ert
1073 4493 1152 4548 Ribb.
1171 4494 1188 4546 l.
1203 4509 1225 4546 e.
1239 4509 1301 4561 pag.
1317 4495 1370 4556 54.)
