3590 5490
812 536 1035 594 ..30-

425 711 527 793 Magis
546 711 712 792 magisque
728 711 914 793 parasitatio
931 709 1120 792 percrebuit,
1144 709 1189 772 ita
1208 714 1242 772 ut
1267 729 1318 773 ars
1342 710 1513 792 parasitica

338 820 370 882 in
391 824 558 898 quaestum
583 818 779 882 conferretur
794 839 813 880 a
829 816 936 881 multis
959 816 1139 880 hominibus
1164 815 1211 899 (ut
1233 822 1342 879 narrat
1364 816 1512 881 Athen.

336 927 466 1005 laon,
499 925 573 988 XIV
599 926 724 1009 61511),
757 925 811 1005 qui
843 924 1057 988 ridiculis
1091 922 1261 995 dictislt
1287 923 1435 987 convivas
1460 923 1513 987 de-

338 1033 491 1098 lectantes
509 1051 620 1096 cenam
636 1033 842 1114 appetebant:
866 1031 1020 1113 imprimis
1036 1030 1181 1094 omnibus
1202 1030 1396 1111 temporibus
1410 1047 1512 1112 ‘para-

337 1139 390 1202 siti
425 1144 492 1202 erat
524 1138 635 1220 γέλοια
668 1119 781 1220 λεγειν.
839 1137 910 1214 Qua
948 1139 986 1200 de
1023 1157 1121 1200 causa
1153 1136 1307 1201 iocularia
1339 1137 1396 1200 illa
1429 1137 1514 1202 dicta

284 1293 287 1298 ,
340 1246 432 1325 quasi
456 1244 497 1307 ad
522 1249 622 1308 artem
639 1248 670 1308 et
687 1245 727 1307 ad
751 1249 923 1326 praecepta
946 1249 1095 1308 revocata
1119 1249 1217 1318 eraut,
1240 1244 1286 1307 ita
1305 1253 1339 1306 ut
1362 1242 1513 1324 libris,

339 1352 453 1431 quibus
477 1351 557 1414 haec
583 1351 829 1430 continebantur,
854 1355 1016 1414 uterentur
1039 1351 1185 1432 parasiti:
1214 1351 1392 1430 exquibus
1419 1349 1513 1430 „ridi-

341 1458 428 1522 culos
444 1457 554 1539 logos“
574 1457 701 1538 aliaque
718 1457 851 1521 artificia
866 1457 1039 1539 parasitica
1056 1456 1228 1521 discebant.
1246 1495 1286 1502 —
1304 1458 1340 1520 ln
1364 1457 1514 1520 Plauti
1535 1447 1539 1454 ’

341 1564 518 1645 comoedia,
558 1564 608 1626 oui
646 1583 759 1627 nomen
795 1570 842 1627 est
876 1565 987 1644 Persa,
1025 1563 1198 1646 persuadet
1235 1564 1394 1644 parasitus
1428 1562 1514 1626 filiae

342 1670 404 1755 (vv.
430 1675 491 1734 391
504 1671 598 1754 sqq.):

406 1813 455 1876 Ne
478 1817 509 1876 te
533 1812 707 1876 indotatam
732 1812 828 1892 dicas,
853 1811 927 1892 quoi
951 1812 1007 1874 dos
1032 1812 1072 1874 sit
1096 1811 1192 1875 domi:

408 1919 606 1982 Librorum
631 1919 776 1982 eccillum
799 1919 901 1981 habeo
926 1918 1053 2000 plenum
1078 1937 1230 1982 soracum.

403 2026 444 2089 'Si
467 2027 526 2089 hoc
551 2025 731 2089 adcurassis
755 2025 860 2107 lepide
885 2030 942 2089 eto.

340 2169 376 2231 ln
400 2167 518 2249 fabula,
543 2187 624 2247 quae
649 2167 830 2230 inscribitur
854 2167 980 2231 Stichus
1003 2167 1162 2249 parasitus
1187 2166 1263 2230 dicit
1287 2171 1325 2246 (v.
1350 2170 1439 2244 4oo):

308 2335 312 2340 ·
407 2311 464 2373 Ibo
489 2310 569 2374 intro
594 2310 635 2372 ad
662 2309 782 2373 libros
808 2314 843 2372 et
867 2310 1007 2372 discam
1033 2309 1071 2372 de
1096 2308 1187 2371 dictis
1210 2308 1403 2388 melioribus,

345 2459 376 2516 et
399 2473 426 2518 v.
450 2454 517 2514 454
540 2452 707 2514 revertitur
730 2458 914 2531 narratque:

408 2593 542 2657 Libros
566 2593 704 2676 inspexi:
728 2599 792 2656 tam
817 2593 948 2672 confido,
973 2614 1067 2674 quam
1091 2593 1182 2675 potis,

408 2701 459 2763 Me
482 2720 587 2763 meum
612 2705 812 2781 optenturum
836 2719 943 2781 regem
967 2700 1144 2763 ridiculis
1168 2699 1275 2780 logis.

341 2845 454 2924 Neque
491 2862 565 2906 vero
602 2841 635 2904 hi
674 2843 747 2907 libri
785 2843 816 2904 in
856 2842 1027 2906 comoediis
1065 2848 1184 2905 tanturn
1226 2846 1516 2919 commemorantur,

342 2969 445 3029 neque
463 2969 482 3010 a
497 2943 676 3014 fabularum
694 2949 899 3030 scriptoribus
916 2949 1035 3011 inventi
1059 2954 1139 3029 sunt,
1164 2948 1220 3012 sed
1243 2968 1278 3012 re
1294 2967 1371 3010 vera
1390 2946 1517 3010 fuerunt

343 3057 423 3119 tales
447 3055 530 3132 libri,
555 3055 669 3136 quibus
694 3047 926 3136 colligebantur
948 3055 1083 3119 ridicula
1107 3056 1204 3134 dicta3
1229 3060 1260 3118 et
1284 3053 1438 3133 quomodo
1456 3053 1516 3116 orti

344 3163 415 3242 sint,
441 3161 659 3244 cognoscimus
679 3145 719 3225 ex
738 3162 842 3225 verbis
865 3161 1085 3225 Athenaei
1108 3161 1191 3241 (XIV
1217 3161 1336 3241 614E),
1361 3180 1423 3241 quo
1446 3159 1515 3223 loco

343 3274 490 3332 narratur
513 3267 695 3349 Philippum
718 3287 828 3349 regum
851 3267 1059 3331 Macedonum
1088 3267 1325 3348 γελωτοποιοῖς
1357 3266 1429 3347 illis,
1463 3265 1517 3345 qui

343 3377 383 3438 ab
399 3374 563 3438 Athenaeo
589 3371 620 3435 οἱ
644 3371 800 3458 ἑξήκοντα
825 3373 1033 3456 appellantur,
1057 3373 1210 3437 talentum
1235 3373 1358 3454 argenti
1381 3373 1514 3453 misisse,

347 3474 407 3560 „t'v'
433 3476 719 3564 ἐγγραψάμενοι
744 3478 785 3540 τὰ
809 3479 920 3561 γελοῖοι
944 3483 1121 3559 πέμπωσιν
1146 3477 1265 3562 udoqb‘fi

435 3658 454 3723 1)
475 3655 564 3709 Velim
588 3655 720 3720 conferas,
750 3670 818 3722 quae
846 3655 931 3708 verba
958 3654 1026 3707 lacit
1050 3654 1203 3709 Gelasimus
1229 3655 1268 3719 (in
1287 3656 1411 3709 Plaut.
1433 3654 1516 3708 sucu.

345 3764 369 3802 v.
384 3747 459 3813 225):
482 3746 612 3813 „logos
632 3744 834 3797 ridiculos
852 3743 967 3808 vendo“,
988 3750 1015 3797 et
1033 3761 1077 3796 vv.
1091 3744 1227 3811 230sqq.:

648 3852 700 3905 Vel
719 3851 861 3905 unctiones
882 3850 1001 3905 Graecas
1021 3850 1174 3904 sudatorias

648 3939 756 3993 Vendo:
776 3940 820 3992 vel
840 3939 908 3992 alias
927 3939 1045 3992 malacus
1066 3937 1233 4006 crapulariss

649 4028 851 4094 (laudationes,
873 4027 1126 4082 adsentatiunculas

647 4118 687 4169 Ac
706 4117 950 4184 perieratiunculas
970 4115 1138 4184 parasiticos.

348 4224 452 4278 Similia
484 4223 658 4278 inveniuntur
690 4223 761 4291 apud
789 4223 965 4276 Alexidcm
994 4223 1038 4289 (ir.
1061 4223 1091 4275 Π
1116 4222 1212 4286 38011,
1238 4221 1338 4289 36511)
1366 4222 1518 4276 Anaxan·

347 4313 428 4366 drid.
445 4313 487 4376 (ir.
502 4313 531 4364 11
546 4312 595 4363 139
606 4312 652 4379 K),
667 4313 822 4364 Plautum
837 4309 876 4380 (in
891 4310 966 4377 (lopt.
980 4312 1041 4374 470,
1056 4310 1138 4365 Stich.
1155 4311 1214 4378 172,
1228 4309 1300 4379 388),
1319 4311 1517 4380 Xenophon-

170 4431 174 4453 ι
236 4403 237 4408 ’
296 4460 298 4464 ,
347 4409 412 4456 tem
433 4401 660 4468 (apaturii),
680 4401 890 4453 Athenaeum
911 4399 1072 4466 (Xlled).
