3590 5490
774 483 996 542 ...35-

298 656 354 720 illa
376 677 472 720 mann
495 662 648 738 tenentos,
678 676 748 720 oum
773 656 926 737 quottidie
950 655 1051 719 lavari
1074 655 1212 718 solerent
1236 654 1360 718 Graeci.
1407 653 1470 718 Ho-

297 763 398 828 mines
425 783 591 846 pauperes,
626 764 680 843 qui
712 783 820 827 servos
853 782 913 826 nou
947 763 1108 826 habebant
1140 767 1171 826 et
1203 761 1265 843 ipsi
1297 760 1469 842 ampullam

300 870 516 952 strigilemque
554 873 734 952 portabant,
774 864 994 952 decollandos
1028 868 1279 948 nominabantur,
1311 874 1344 962 et
1378 888 1470 950 para-

298 977 386 1049 situs,
420 977 475 1056 qni
507 977 576 1059 ipse
600 996 723 1059 pauper
747 983 794 1040 est
817 977 1088 1055 instrumentaque
1122 973 1178 1037 illa
1201 980 1313 1057 portat,
1346 974 1474 1037 nomine

298 1082 352 1146 illo
377 1084 564 1166 appellatur.

387 1197 538 1280 Ampulla
576 1203 608 1263 et
646 1199 767 1280 strigile
807 1200 869 1262 iam
909 1198 1230 1281 Aristophanis
1275 1198 1469 1279 temporibus

298 1304 457 1386 praeditos
481 1325 552 1369 esse
576 1305 758 1370 adulatores
782 1303 915 1388 apparet
939 1326 978 1369 ex
1002 1305 1165 1370 comoedia
1182 1305 1258 1382 eius,
1283 1305 1333 1367 cui
1356 1323 1469 1368 nomen

299 1411 346 1474 'est
370 1411 576 1495 Δαιταλῆςῑ),
601 1433 665 1491 qna
688 1414 719 1475 in
744 1413 853 1476 tabula
876 1409 1084 1475 instrumenta
1108 1411 1164 1474 illa
1188 1415 1472 1476 commemorantur

299 1519 344 1594 (ir.
369 1518 383 1579 l
407 1521 471 1580 443
483 1519 532 1598 K).

388 1633 500 1712 h'oquc
534 1634 671 1696 dtrbitari
704 1639 816 1716 potest,
850 1633 925 1713 quin
956 1634 987 1696 in
1022 1632 1137 1696 fabulis
1170 1633 1311 1715 palliatis
1344 1652 1470 1713 quoque

299 1740 509 1803 Romanorum
533 1740 691 1821 parasitus
716 1740 923 1803 instrumenta
957 1738 1014 1801 illa
1037 1758 1144 1803 secum
1168 1744 1297 1820 portans
1321 1725 1469 1802 scaenam

300 1846 463 1908 intraverit
486 1845 549 1909 illis
573 1846 775 1927 temporibus,
800 1846 915 1926 quibus
938 1846 1107 1910 histriones
1131 1845 1264 1909 Romani
1297 1845 1328 1908 in
1352 1845 1469 1908 tabulis

298 1951 429 2031 agendis
463 1972 524 2015 non
560 1955 623 2016 iam
658 1955 827 2016 utebantur
861 1953 1003 2016 larvis
1038 1951 1232 2031 scaenicisil,
1267 1958 1301 2015 ut
1335 1951 1470 2033 intelligi

298 2063 401 2139 potest
434 2078 473 2121 ex
506 2059 618 2139 verbis,
653 2078 734 2138 quae
767 2059 843 2122 facit
875 2059 1034 2142 parasitus
1068 2060 1100 2122 in
1133 2059 1283 2121 Plauti
1310 2060 1409 2122 Persa
1441 2078 1470 2123 v,

301 2162 522 2244 raa-isse:
1346 2155 1349 2160 ’
1393 2155 1395 2159 ’

384 2324 643 2406 Ampullam,
668 2325 909 2406 strigilem,
934 2326 1106 2407 scaphium,
1131 2345 1248 2404 soccos
1272 2325 1403 2407 pallium

382 2433 598 2514 marsuppium
622 2432 739 2495 habeat
764 2431 819 2516 (sc.
843 2431 1024 2517 parasitus).

299 2609 474 2671 Parasitum
515 2609 563 2671 his
600 2610 694 2671 rebus
732 2614 876 2672 ornatum
914 2611 1012 2673 verba
1049 2609 1154 2672 iacere
1190 2609 1332 2672 existimo
1365 2627 1469 2687 neque

226 2705 227 2709 ’
300 2714 428 2778 dubium
462 2718 518 2796 est,
552 2715 625 2795 quin
659 2734 710 2778 res
734 2715 780 2778 ita
812 2735 846 2779 se
878 2715 1050 2779 habeatis
1074 2714 1225 2778 Plauti
1259 2714 1373 2796 Sticho,
1407 2735 1473 2795 qua

297 2821 328 2883 in
346 2821 509 2884 comoedia
531 2821 690 2903 parasitus
707 2842 854 2886 scaenam
879 2823 974 2886 intrat
999 2822 1176 2885 auctionem
1201 2821 1340 2886 lactarus
1364 2841 1469 2885 rerum

297 2947 438 2990 suarum:
462 2927 645 2991 venditurus
670 2934 718 2992 est
742 2935 772 2991 et
795 2928 894 2991 multa
917 2927 982 2992 alia
1006 2933 1037 2991 ct
1061 2927 1101 3011 (v.
1127 2929 1219 3012 230):

450 3087 677 3170 Rubiginosam
702 3087 905 3169 strigilem,
931 3088 1132 3170 ampullam
1156 3088 1310 3152 rabidam.

296 3265 377 3326 Num
402 3264 433 3326 in
459 3264 602 3328 omnihus
625 3264 731 3328 Plauti
755 3265 960 3346 Terentiique
985 3265 1155 3329 comoediis
1180 3267 1311 3347 agendis
1336 3269 1468 3349 parasiti

295 3371 447 3452 strigilem
472 3381 503 3434 et
526 3371 695 3454 ampullam
722 3392 827 3435 secum
856 3373 1065 3454 portaverint,
1092 3373 1229 3436 discerni
1260 3393 1321 3436 non
1355 3381 1467 3457 potest,

295 3497 397 3557 neque
414 3477 588 3541 diiudicare
604 3499 779 3560 possumus,
802 3499 877 3541 num
895 3499 1019 3562 semper
1042 3481 1227 3543 vestimento
1251 3481 1341 3561 nigro
1366 3481 1468 3544 induti

384 3726 405 3791 1)
423 3723 560 3790 Anacutas
573 3725 683 3794 antiqno
698 3726 804 3780 nomine
823 3732 1006 3796 παράσιτοι
1019 3728 1197 3782 vocabantur:
1219 3727 1291 3782 cives
1305 3734 1369 3782 sunt
1381 3716 1466 3783 Athe-

294 3811 401 3868 nienses
431 3813 464 3865 ad
493 3830 569 3867 sacra
596 3814 722 3868 facienda
746 3815 778 3868 ab
808 3815 945 3882 archonte,
976 3815 1018 3868 cui
1036 3832 1132 3869 nomen
1158 3823 1201 3869 est
1223 3815 1354 3882 βασιλεύς,
1384 3817 1466 3872 electi

295 3901 340 3970 (ci.
356 3917 437 3969 supra
458 3918 514 3970 cap.
529 3903 564 3970 Ι).
602 3904 643 3957 Dc
663 3910 823 3974 argumento
843 3904 951 3958 fabulae
972 3905 1030 3973 egit
1048 3906 1171 3972 Koch,
1191 3907 1209 3961 l.
1224 3923 1245 3959 c.
1258 3907 1273 3960 Ι
1286 3924 1348 3975 pag.
1362 3907 1422 3959 438.

384 4011 403 4076 ²)
425 4008 498 4073 Quae
527 4018 660 4077 apparent
684 4027 715 4064 ex
738 4011 828 4065 verbis
852 4011 1013 4078 Donati,
1038 4027 1106 4078 quae
1129 4011 1196 4066 lacit
1218 4013 1244 4065 in
1269 4013 1316 4066 lib.
1340 4012 1373 4066 de
1398 4030 1463 4070 com.

293 4113 355 4164 pag.
371 4097 478 4162 10‚lR
502 4104 529 4150 et
551 4097 730 4152 Diomedi
753 4100 953 4168 (pag.489R),
988 4104 1015 4154 ct
1044 4100 1250 4155 Ciceronis
1279 4101 1306 4154 in
1333 4102 1402 4156 libro
1432 4103 1465 4157 de

293 4191 361 4240 orat.
374 4186 419 4238 Ill
438 4186 497 4236 221.
518 4215 551 4226 -
572 4185 613 4239 De
633 4187 733 4253 quibus
754 4197 871 4256 egerunt
888 4189 1066 4242 Ribbeck
1089 4189 1117 4243 in
1140 4191 1187 4244 lib.
1209 4189 1254 4258 qui
1272 4190 1352 4245 inscr.
1370 4193 1463 4260 „Rom

293 4275 392 4341 Trag.“
414 4289 476 4342 pag.
491 4275 555 4340 661,
584 4280 612 4327 et
635 4275 706 4330 Leo
731 4276 757 4330 iu
777 4277 829 4331 Rh.
844 4278 910 4332 llus.
925 4278 959 4330 38
978 4295 1041 4347 pag.
1056 4281 1108 4332 342
1136 4287 1164 4334 et
1192 4280 1406 4346 Dziatzlro,
1436 4281 1463 4334 in

292 4363 344 4416 Rh.
357 4363 393 4416 ll.
408 4364 440 4414 al
455 4378 518 4431 pag.
533 4363 575 4414 68.

383 4471 402 4536 ³)
424 4468 465 4520 (lt⁴
488 4486 556 4536 qnae
575 4469 692 4537 explicat
710 4473 783 4527 Leo
804 4473 907 4539 (Herm.
924 4476 999 4541 1906,
1019 4493 1081 4545 pag.
1098 4479 1146 4528 til
1159 4482 1236 4546 sqq).

1268 4567 1303 4619 3*
