3590 5490
873 480 1093 539 ..2ss-

397 669 490 731 quam
511 651 611 715 iratus
630 653 679 732 sit,
704 673 828 735 semper
853 653 988 718 deleotet
1008 654 1156 718 convivas
1172 654 1315 734 iooando,
1339 654 1470 736 edendo,
1495 675 1568 718 oan-

396 759 506 838 tando;
530 765 662 840 uterque
686 760 855 842 parasitus,
880 765 910 822 et
934 760 1067 823 Lueiani
1091 767 1123 824 et
1138 759 1336 843 Antiphanis,
1359 761 1456 824 vitam
1479 780 1568 825 suam

396 863 656 928 iucundissimam
680 885 751 929 esse
774 865 942 947 gloriatur;
966 865 1094 946 aliaque
1113 866 1219 930 afferri
1235 871 1375 949 possunt.
1398 867 1568 948 -Atque

396 969 509 1033 iterum
532 971 644 1035 laudes
667 971 744 1036 illae
766 972 921 1036 ridiculae
944 973 1155 1055 parasitorum
1171 973 1374 1037 inveniuntur
1396 973 1428 1036 in
1444 974 1567 1037 Anti·

397 1077 556 1158 phanis
579 1079 616 1140 tr.
639 1078 670 1140 Il
694 1079 791 1141 43K:

555 1233 572 1298 t
596 1237 658 1321 μὰρ
682 1233 866 1320 παράσιτός
890 1234 985 1318 ἐστιν,
1011 1237 1049 1300 ἂν
1074 1235 1188 1323 ὀρθῶς
1211 1250 1344 1322 σκοπῇς,

555 1341 711 1419 κοινωνὸς
734 1343 859 1427 ἀμφοῖν
882 1355 940 1430 τῆς
963 1347 1061 1430 τύχης
1083 1344 1138 1407 καὶ
1161 1356 1220 1407 τοῦ
1242 1349 1324 1427 (tlon.

555 1449 663 1524 οὐδεὶς
686 1453 870 1535 παράσιτος
894 1445 995 1530 εὕχετ)
1021 1451 1150 1540 άτοχεῖν
1173 1452 1250 1528 τοὺς
1273 1452 1398 1535 φίλους,

554 1555 744 1619 τούναντίον
769 1556 804 1620 δὲ
828 1560 956 1634 πάντας
980 1558 1124 1638 εὐτυχεῖν
1148 1557 1209 1621 άεί.

556 1661 643 1726 ἐστὶν
667 1662 848 1746 πολυτελὴς
871 1673 916 1746 τῷ
940 1667 1000 1747 βίῳ
1025 1687 1088 1738 τις·
1115 1663 1152 1726 οὐ
1177 1668 1309 1748 ιμάονεῖ,

553 1773 700 1850 μετέχειν
725 1767 760 1832 δὲ
783 1771 907 1832 τούτων
931 1764 1033 1848 εὔχετ’
1058 1770 1146 1854 αὐτῷ
1171 1775 1360 1856 συμπαρών,

555 1875 669 1938 κάστιν
693 1875 809 1961 φίλος
831 1887 1023 1958 γενναῖος,
1048 1875 1198 1961 ἀσφαλής
1221 1871 1259 1939 θ’
1284 1878 1352 1958 ἅμα

556 1981 593 2044 οὐ
617 1985 769 2062 μάχιμος,
795 1982 831 2044 οὕ
856 1985 1013 2068 πάροξυς,
1039 1983 1111 2062 οὐχὶ
1134 1980 1303 2064 βάσκανος,

554 2085 651 2172 ὀργὴν
676 2085 814 2170 ἐνεγκεῖν
839 2085 981 2170 άχαίίός·
1007 2089 1046 2151 άν
1071 2094 1232 2174 σκώπτῃς,
1258 2090 1345 2174 χελᾷ,

553 2191 718 2280 ἐριστικός,
743 2195 878 2277 χελοῖος,
904 2193 1017 2281 ἱλαρὸς
1040 2207 1085 2279 τῷ
1110 2192 1236 2281 τρόπῳ,

553 2297 654 2364 πάλιν
679 2305 880 2387 στρατιώτης
904 2301 1034 2385 ἀγαθὸς
1057 2300 1104 2378 εἰς
1126 2300 1319 2388 ὑπερβολήν.

393 2470 560 2536 Simillima
576 2478 656 2550 sunt,
681 2491 764 2550 quae
781 2472 919 2553 explieat
935 2472 1116 2536 Luoianus2'
1133 2476 1173 2536 ab
1197 2473 1252 2537 illo
1269 2491 1395 2553 quoque
1418 2473 1568 2538 laudatur

392 2577 525 2660 parasiti
550 2598 625 2659 erga
649 2578 785 2642 amioum
809 2579 956 2657 amicitia,
982 2599 1051 2642 oum
1076 2573 1222 2643 irrisione
1247 2580 1381 2666 quidem
1399 2582 1481 2662 (oap.
1500 2583 1566 2662 40),

395 2683 539 2748 hilaritas
574 2684 642 2748 eius
676 2683 757 2768 (oap.
792 2689 857 2764 51),
899 2685 1048 2750 fortitudo
1081 2686 1190 2750 militis
1222 2687 1355 2769 parasiti
1387 2687 1469 2770 (oap.
1490 2692 1566 2771 40),

393 2791 540 2870 aliaeque
564 2811 623 2856 res

480 2899 517 2961 In
539 2897 722 2962 Timoelis
744 2917 871 2978 quoque
892 2898 1064 2978 comoedia,
1089 2899 1140 2963 eui
1164 2919 1278 2963 nomen
1302 2905 1350 2963 est
1367 2896 1565 2983 Δρακόντιον

392 3005 442 3083 (fr.
466 3005 498 3067 H
532 3007 598 3066 454
608 3005 663 3084 Κ),
701 3005 960 3068 ridiculosissime
997 3006 1229 3069 demonstratur
1267 3005 1424 3088 parasitos
1445 2996 1565 3088 vgenus

391 3111 551 3176 hominum
575 3111 777 3174 utilissimum
801 3111 1010 3192 maximisque
1034 3094 1067 3175 in
1090 3112 1261 3176 honoribus
1286 3132 1365 3176 esse.

480 3218 522 3282 Ut
538 3219 623 3300 apud
639 3218 852 3300 Antiphanem
869 3219 914 3280 ita
931 3219 1015 3300 apud
1031 3219 1390 3283 Anaxandridem
1402 3219 1452 3298 (tr.
1470 3223 1511 3280 49
1520 3219 1565 3299 K)

392 3324 605 3389 adulationem
631 3344 701 3388 esse
718 3331 818 3388 artem
836 3331 1021 3404 oeterasqne
1046 3330 1130 3389 artes
1146 3325 1244 3389 multo
1261 3346 1413 3408 superare
1430 3346 1564 3390 oomme-

390 3423 544 3496 moratur:

551 3535 602 3598 ὅτι
626 3530 689 3617 εἰμ)
715 3535 854 3616 ἀλαζών,
879 3531 966 3599 τοῦτ’
991 3534 1160 3620 ἐπιτιμᾷς
1186 3535 1268 3599 ἀλλὰ
1291 3540 1339 3615 τί;

550 3653 623 3727 νικᾷ
646 3643 708 3728 γὰρ
733 3642 812 3728 αὕτη
836 3643 896 3720 τὰς
918 3647 1033 3722 τέχνας
1056 3641 1167 3719 πάσας
1190 3644 1276 3707 πολὺ

549 3751 631 3831 μετὰ
654 3750 712 3835 τὴν
735 3751 954 3813 κολακείαν·
979 3749 1037 3836 ἣδε
1059 3749 1118 3831 μὲν
1141 3750 1203 3835 χὰρ
1228 3749 1388 3835 διαφέρει.

389 3920 438 3982 Ex
451 3918 640 4001 Antiphanis
658 3925 689 3983 et
701 3920 936 3983 Anaxandridis
952 3921 1096 3990 versibus
1116 3919 1261 4002 intellegi
1276 3924 1387 4002 potest,
1403 3920 1562 3983 notionem

390 4025 467 4088 artis
490 4025 575 4089 illius
598 4026 752 4090 ridiculae
777 4026 808 4088 in
833 4026 1014 4090 eomoediis·
1027 4025 1134 4106 luisse,
1163 4025 1347 4108 priusquam
1370 4045 1432 4090 vox
1455 4027 1562 4109 παρά-

390 4152 478 4207 σιτος
510 4132 541 4195 ἰο
575 4132 691 4196 fabulis
724 4133 931 4196 inveniretur:
969 4137 1003 4195 ut
1034 4152 1113 4196 vooe
1146 4128 1247 4210 κόλαξ
1279 4137 1393 4214 poetae
1424 4137 1562 4210 utuntur,

390 4244 559 4320 antequam
582 4259 660 4304 vooe
683 4241 867 4324 παράσιτος
895 4239 945 4302 usi
968 4252 1049 4318 sunt,
1076 4239 1123 4302 ita
1146 4239 1202 4302 illa
1228 4241 1323 4323 τέχνη
1352 4223 1580 4322 κολακειτικι)

389 4345 476 4428 prius
509 4345 667 4409 invenitur
695 4366 789 4425 quam
818 4347 1027 4429 παρασιτική.
1075 4344 1167 4419 Quod
1200 4352 1333 4428 apparet
1364 4365 1427 4409 non
1459 4345 1561 4430 minus

389 4471 429 4516 ex
452 4451 636 4533 fragmentis
661 4452 732 4531 illis,
757 4472 851 4531 quam
877 4472 917 4515 ex
941 4451 1061 4532 Gorgia
1084 4453 1296 4515 Platonis.
