3590 5490
711 483 931 542 ,25-

232 657 417 738 scribendis,
450 655 496 722 ita
527 659 562 718 ut
593 655 762 720 ridiculose
797 661 880 720 artes
912 674 1118 738 personarum
1152 652 1342 717 comioarum
1375 656 1410 714 ut
1450 673 1452 676 ·

237 762 330 843 coqui
355 768 386 827 et
408 763 561 845 imprimis
585 761 783 844 parasiti
807 762 982 827 laudarent.

324 869 414 946 Quae
430 869 541 932 laudes
565 868 719 933 ridiculae
736 869 813 932 artis
836 868 1028 951 parasiticae
1052 887 1114 934 nou
1137 886 1210 930 raro
1226 865 1258 929 in
1282 883 1405 930 comoe-

236 976 296 1039 diis
320 974 531 1055 inveniuntur,
555 980 590 1038 ut
613 974 699 1056 apud
723 974 1014 1056 Antiphanem
1039 973 1089 1053 (ir.
1116 976 1179 1037 144
1189 973 1250 1052 K):

451 1135 509 1204 εἶτ)
534 1139 620 1205 ἔστιν
644 1139 663 1224 ἢ
687 1136 804 1224 γένοιτ’
830 1142 868 1204 ἂν
892 1140 993 1224 ἡδίων
1016 1145 1129 1225 τέχνη
1186 1139 1188 1146 ⁴

450 1247 469 1330 ἢ
494 1245 660 1332 πρόσοδος
684 1247 781 1325 ἄλλος
804 1259 862 1312 τοῦ
885 1249 1111 1312 κολακεύειν
1135 1247 1279 1331 εὐφοῶς;

449 1351 465 1416 ὁ
491 1354 666 1440 ζῳγράφος
689 1366 786 1418 πονεῖ
808 1379 841 1418 τι
864 1356 919 1418 καὶ
942 1358 1162 1439 πικραίνεται,

448 1458 465 1523 ὁ
489 1457 633 1547 γεωργός
655 1499 1235 1510 —————————

448 1607 490 1613 —
517 1607 558 1613 —
580 1606 625 1613 —
649 1565 682 1630 ἐν
706 1567 796 1644 ὅσοις
820 1566 887 1632 ἐστὶ
911 1567 1058 1644 κίνδυνος
1081 1569 1194 1644 πάλιν,

449 1670 603 1758 πρόσεστι
629 1685 731 1737 πᾶσιν
756 1672 927 1756 ἐπιμέλεια
951 1675 1005 1737 καὶ
1029 1671 1141 1755 πόνος,

438 1780 525 1862 ,ἡμῖν
550 1777 585 1843 δὲ
608 1780 690 1860 μετὰ
714 1781 856 1863 γέλωτος
879 1779 896 1844 ὁ
919 1784 991 1865 βίος
1013 1781 1067 1843 καὶ
1091 1791 1230 1866 τρυφῆς·

449 1881 486 1949 οὗ
510 1886 572 1971 γὰρ
596 1885 633 1949 τὸ
657 1891 808 1970 μέγιστον
832 1886 926 1972 ἔργον
951 1885 1018 1951 ἐστὶ
1043 1887 1173 1964 παιδιά,

450 1991 549 2077 ἁδρὸν
574 1993 717 2074 γελάσαι,
743 1999 878 2076 σλιῖιψαί
900 1989 961 2057 τιν’
988 1991 1114 2057 ἐκπιεῖν
1138 1994 1252 2075 πολύν,

450 2092 518 2178 οὐχ’
543 2097 651 2186 ἡόύ;1)

235 2270 361 2334 Laudes
396 2270 471 2334 illae
506 2273 639 2354 parasiti
674 2271 856 2334 memoriam
897 2271 1033 2334 afferunt
1066 2273 1233 2334 uerborum
1268 2269 1409 2333 Luciani.

236 2377 338 2440 Velim
362 2378 506 2442 conferas
538 2380 631 2442 huius
655 2379 824 2460 fragmenti
857 2398 966 2442 versus
996 2381 1081 2440 3-5
1107 2397 1177 2441 oum
1201 2377 1334 2442 Luciani
1359 2397 1410 2440 oa-

235 2484 301 2566 pite
316 2485 401 2566 Xlll,
426 2505 488 2566 quo
512 2486 598 2550 Simo
622 2486 676 2550 ille
700 2486 858 2568 parasitus
876 2485 1069 2548 demonstrat
1085 2490 1184 2548 artem
1207 2484 1417 2567 parasiticam·

237 2590 385 2673 optimam
411 2611 494 2656 esse:
518 2593 586 2656 sine
610 2593 674 2656 ullo
699 2593 817 2673 labore,
841 2592 909 2655 sine
932 2591 1037 2686 plagis
1062 2597 1161 2654 artem
1177 2591 1265 2654 illam
1289 2591 1411 2674 percipi

236 2715 338 2779 posse,
363 2702 483 2762 ceteras
509 2703 614 2762 autem
639 2704 724 2762 artes
757 2698 855 2762 multo
880 2717 951 2762 curn
974 2697 1084 2762 labore
1117 2704 1149 2761 et
1176 2697 1303 2778 negotio
1338 2717 1410 2761 con-

236 2804 360 2869 iunctas
394 2824 473 2870 esse.
519 2806 639 2869 llodem
671 2812 776 2870 autem
810 2811 995 2887 argumento
1020 2805 1201 2888 philosophi
1233 2807 1411 2884 utebantur,

237 2916 272 2974 ut
295 2911 372 2973 artis
397 2912 553 2975 oratoriae
578 2913 726 2994 vitaeque
747 2913 881 2976 lorensis
897 2910 1041 2994 pericula
1058 2911 1233 2975 delenirent
1255 2931 1410 2994 propono-

236 3021 377 3098 rentque.
424 3017 505 3082 Tum
535 3020 678 3082 conferas
708 3039 816 3083 versus
852 3021 958 3080 7-10
993 3037 1064 3081 curn
1088 3017 1221 3081 Luciani
1254 3017 1410 3100 capitibus

238 3127 377 3204 tta-53,
410 3125 524 3205 quibus
549 3126 697 3188 laudatur
729 3126 897 3208 parasitus,
931 3124 984 3206 qui
1008 3143 1170 3204 nunquam
1193 3125 1299 3205 tristis,
1333 3143 1410 3188 nun-

398 3269 451 3276 -—-

327 3337 347 3403 ¹)
368 3336 533 3402 Saepissime
548 3353 643 3404 coqu
652 3353 694 3391 us
708 3353 815 3406 quoque
828 3344 915 3391 artem
929 3351 1006 3390 suam
1019 3337 1120 3402 laudat,
1141 3342 1172 3390 ut
1184 3336 1301 3404 exempli
1320 3336 1410 3404 gratia

237 3425 308 3492 apud
331 3424 606 3479 Nicomachum
630 3425 863 3493 (amancii),
887 3431 916 3478 et
938 3423 1172 3493 Dionysium
1196 3425 1410 3494 primasii).

237 3512 274 3565 Ut
296 3512 404 3566 Gnatho
423 3513 472 3568 illc
490 3514 518 3567 iu
538 3514 721 3568 Terentii
740 3514 803 3580 iah,
823 3514 864 3569 oui
887 3530 985 3568 nomeu
1008 3521 1051 3568 est
1073 3514 1230 3580 Eunuchus,
1249 3514 1411 3582 magistrum

238 3601 305 3654 artis
320 3601 482 3669 parasiticae
498 3618 526 3656 se
544 3604 664 3670 praehet,
685 3602 725 3656 ita
743 3619 868 3670 coquus
884 3602 960 3670 quasi
976 3601 1149 3672 disciplinam
1164 3603 1231 3658 artis
1252 3607 1412 3673 σιγιοποιικῆς

238 3689 319 3742 docet
339 3688 493 3757 discipulos
517 3697 548 3743 ut
572 3696 684 3759 apparet
704 3709 737 3746 ex
756 3691 884 3746 uersibus
904 3691 1107 3760 Sosipa‘tri
1127 3693 1169 3761 (ir.
1183 3693 1213 3745 ΙΙ
1227 3692 1278 3744 314
1289 3693 1334 3761 K),
1359 3709 1411 3759 quo

238 3778 297 3831 loco
317 3784 443 3832 narratur
462 3779 496 3832 dc
515 3795 600 3845 coquo
622 3780 747 3847 quodam,
767 3779 813 3848 qui
832 3789 897 3844 „uus
915 3784 1007 3844 τέχνης
1026 3785 1140 3851 αρχηγὸ,Ι
1159 3780 1238 3844 ἦνἐ·

433 3929 436 3932 ·
471 3908 532 3974 περὶ
551 3913 597 3968 τῆς
616 3911 722 3972 φύσεως
741 3918 844 3968 κατεῖχε
864 3911 967 3958 πάντας
985 3911 1050 3959 τοὺ»Ι
1068 3903 1164 3973 λόγους

470 3988 610 4043 ἐδίδασκεν
629 3997 697 4058 ἡμᾶς
717 4005 832 4061 πρῶτον
851 3992 1029 4064 ἀστρολογεῖν
1049 4025 1081 4033 -
1102 4026 1143 4053 —‚

470 4081 563 4130 ἔπειτα
583 4086 652 4131 ιιετὰ
670 4086 746 4132 ταῦτῗ
767 4083 851 4137 edith„-
870 4086 1082 4153 ἀρχιτεκτονεῑν’

471 4169 514 4220 ἐπὶ
533 4179 598 4220 πᾶσι
617 4179 726 4226 τούτοις
744 4203 778 4212 —-
798 4205 828 4211 -·
851 4203 886 4210 -
905 4170 961 4225 κτλ.

239 4293 1406 4368 Cl.verbaDionysii(ir.11425K),Diphili(lr.H553K)‚Anaxippi

238 4381 341 4451 (fr.III
354 4383 462 4451 auch).
491 4413 525 4424 -
553 4385 634 4452 Apud
662 4385 908 4454 Euphronem
931 4387 975 4451 (ir.
990 4385 1034 4439 ΠΙ
1047 4387 1099 4438 317
1110 4387 1146 4454 Κ)
1176 4403 1279 4454 coquus
1308 4379 1409 4451 narrat,

240 4477 305 4539 quot
324 4471 474 4540 discipulos
494 4473 629 4538 hahuerit.
