3590 5490
609 457 919 592 “--16-ῗ

222 691 253 750 61
287 686 379 766 quasi
414 692 488 749 ante
523 685 631 750 oeulos
668 684 786 751 domini
825 685 982 749 hominem
1018 686 1155 748 maxime
1191 684 1396 766 adulatorem,

222 793 441 874 verecundum,
475 792 651 876 supplicem
680 812 715 856 se
743 794 883 875 praebet,
918 811 1136 873 quaecumque
1169 797 1321 875 patronus
1345 792 1396 857 vel

221 900 288 980 agit
311 899 362 963 vel
390 899 536 982 loquitur,
569 899 699 963 summis
723 884 870 962 laudibus
895 899 984 963 effert
993 897 1017 980 ¹)
1043 904 1074 962 et
1097 899 1127 962 ei
1151 899 1332 963 assentitur:
1361 918 1395 963 re

220 1027 297 1082 ¹vera
313 1011 418 1070 autem
436 1006 517 1070 olam
533 1005 643 1070 irridet
658 1005 816 1069 hominem
832 1005 994 1088 insultum,
1013 1005 1173 1086 rustieum,
1196 1005 1395 1086 nebulonem,

221 1112 434 1193 vaniloquum.
491 1113 534 1176 Ut
568 1113 754 1194 Artotrogus
789 1111 844 1175 ille
879 1111 992 1190 Plauti,
1027 1112 1073 1175 ita
1108 1111 1233 1176 Gnatho
1269 1132 1395 1192 quoque

221 1218 370 1282 adulatur
394 1219 553 1283 dominum
576 1218 750 1282 mendaciis
775 1217 843 1281 6116
868 1218 1022 1300 augendis
1056 1222 1115 1298 (vv.
1140 1220 1306 1299 391sqq.),
1338 1219 1395 1282 sed

221 1325 323 1390 minus
347 1324 474 1389 infieeta
502 1330 532 1388 et
559 1325 662 1388 minus
691 1323 888 1407 impudentia
920 1329 991 1387 sunt
1024 1330 1055 1387 61
1088 1324 1255 1388 mendaoia
1286 1323 1395 1388 militis

222 1432 394 1496 Thrasonis
419 1436 450 1495 61
476 1430 648 1495 blanditiae
674 1430 858 1494 Gnathonis.

308 1539 476 1621 Monologo
500 1538 564 1619 illo,
589 1559 681 1619 quem
699 1525 781 1602 ¹faoit
805 1538 930 1602 Gnatho
954 1559 1002 1601 vv.
1024 1541 1210 1620 232-264,
1234 1543 1396 1620 eomparat

221 1665 255 1708 se
280 1665 350 1709 oum
373 1645 512 1727 parasito
537 1646 673 1726 quodam
699 1646 812 1710 altero:
841 1651 974 1725 uterque
997 1645 1125 1709 luxuria
1147 1665 1199 1710 res
1222 1644 1395 1709 familiares

220 1750 365 1834 perdidit,
398 1751 454 1815 sed
488 1752 568 1814 alter
600 1752 654 1816 ille
687 1752 846 1835 parasitus
870 1751 963 1816 vilior
987 1757 1018 1815 et
1045 1734 1190 1816 miserior
1214 1757 1316 1816 estet
1343 1772 1394 1816 res

221 1857 297 1920 eius·
322 1858 424 1921 minus
457 1859 618 1922 secundae
649 1864 733 1932 sunt,
767 1879 862 1939 quam
893 1879 945 1923 res
980 1858 1163 1933 Gnathonis,
1197 1859 1251 1939 qui
1284 1859 1323 1923 de
1357 1879 1394 1923 6ο

220 1969 329 2027 narrat
352 1965 513 2049 (13666.)

220 2105 320 2170 Video
344 2113 475 2188 sentum,
493 2108 682 2189 squalidum,
704 2128 842 2190 aegrum,
870 2110 1047 2191 pannisque
1073 2108 1227 2188 annisque
1249 2108 1394 2172 obsitum.

310 2257 426 2322 Contra
451 2259 576 2323 Gnatho
601 2259 640 2322 de
656 2254 699 2323 166
723 2260 792 2341 ipse
816 2259 904 2324 dioit:

221 2398 283 2474 Qui
307 2401 401 2478 eolor,
425 2401 516 2482 nitor,
539 2400 681 2480 vestitus
706 2421 788 2482 quae
812 2402 994 2467 habitudost
1019 2401 1170 2484 eorporis!

289 2552 352 2615 'L't
379 2551 461 2615 faeie
486 2557 517 2614 et
540 2552 658 2632 habitu,
692 2554 737 2616 ita
761 2554 891 2646 ingenio
917 2572 1041 2633 quoque
1066 2559 1097 2616 et
1119 2553 1268 2632 moribus,
1300 2571 1393 2634 prae·

221 2658 312 2739 oipue
331 2659 462 2739 ratione,
488 2679 551 2739 qua
568 2680 678 2724 oenam
701 2664 811 2742 petunt
835 2667 867 2724 et
889 2659 1030 2725 favorem
1047 2659 1164 2724 domini
1188 2659 1249 2722 sibi
1272 2665 1394 2741 parant,

220 2765 313 2828 valde
331 2765 487 2831 differunt.
533 2767 624 2830 Alter
642 2766 697 2830 ille
720 2767 879 2848 parasitus
896 2751 1069 2847 antiquum
1082 2785 1182 2847 genus
1199 2766 1276 2829 artis
1299 2786 1392 2848 para-

221 2872 330 2936 sitioae
355 2873 438 2952 eolit,
463 2873 551 2936 ouius
576 2874 705 2956 insuper
727 2894 790 2938 non
814 2874 891 2937 satis
914 2875 1035 2955 peritus
1060 2872 1153 2953 est²):

223 3015 283 3092 „At
300 3034 358 3094 ego
375 3014 486 3078 infelix
501 3035 606 3094 neque
622 3016 773 3080 ridieulus
790 3036 860 3079 esse
877 3034 980 3094 neque
992 3014 1105 3097 plagas
1121 3012 1220 3097 pati⁸)
1233 3018 1392 3096 possum.“

221 3156 439 3241 (11244145.)
463 3196 507 3202 —
531 3157 595 3221 Sed
618 3158 824 3221 irrideteum
846 3157 979 3240 Gnatho,
1004 3159 1058 3238 qui
1082 3157 1169 3220 aliud
1192 3177 1291 3240 genus
1316 3157 1393 3218 adu-

220 3262 307 3327 landi
333 3263 393 3327 sibi
418 3264 514 3346 elegit
538 3267 596 3343 (vv.
621 3268 765 3345 14666)
1247 3259 1252 3264 ’

223 3405 326 3484 „Olim
343 3405 394 3469 isti
415 3405 474 3469 fuit
495 3407 605 3488 generi
622 3407 779 3487 quondam
797 3412 946 3486 quaestus
968 3407 1066 3489 apud
1087 3406 1254 3470 saeelum
1275 3405 1393 3488 prius,

219 3511 286 3576 Hoo
310 3517 482 3576 novumst
507 3514 704 3596 aueupium.“

309 3653 519 3736 Explicatque
536 3676 650 3720 novam
666 3676 754 3719 suam
772 3656 1008 3738 parasitationis
1025 3656 1179 3720 rationem
1192 3675 1240 3718 vv.
1255 3657 1393 3734 248sqq.

220 3797 263 3806 -
287 3760 409 3836 Quibus
433 3763 538 3825 verbis
563 3762 687 3826 Gnatho
714 3762 886 3827 oonsulto
911 3782 950 3827 66
974 3762 1130 3845 opponit
1154 3761 1308 3842 antiquo
1333 3760 1394 3823 illi

220 3868 353 3949 generi
376 3868 595 3950 parasitorum,
620 3889 753 3949 quorum
777 3869 808 3932 in
833 3888 963 3934 numero
988 3869 1113 3949 eollega
1136 3867 1204 3931 eius
1227 3867 1392 3930 habendus

309 4045 330 4111 1)
351 4043 391 4096 Cf.
411 4045 496 4098 verbe
519 4045 725 4098 Martialis
750 4045 801 4111 (XI
821 4046 866 4113 24)
890 4051 918 4098 61
941 4045 1072 4099 Horat.
1093 4043 1248 4111 (661115,
1269 4046 1303 4095 74
1313 4045 1392 4111 sqq.).

310 4135 331 4199 ²)
352 4132 392 4185 Of.
412 4131 573 4188 Nicolai
592 4133 776 4200 fragmentum
796 4133 836 4186 IV
854 4149 917 4201 pag.
938 4134 1035 4188 57911.

310 4221 330 4287 ³)
351 4220 508 4287 Comparari
533 4229 659 4289 possunt,
689 4237 757 4288 quae
782 4220 848 4275 dicit
874 4220 1009 4289 parasitus
1033 4222 1062 4274 in
1084 4221 1221 4274 Plauti
1246 4221 1392 4287 comoedia,

220 4310 261 4362 eui
281 4325 378 4364 nomen
399 4316 441 4363 est
461 4310 566 4378 Captivi
587 4313 640 4376 (vv.
660 4312 786 4378 876111.)

432 4417 470 4468 Et
488 4416 532 4469 hic
552 4416 661 4483 quidem
680 4416 772 4470 hercle
790 4416 844 4470 nisi
863 4416 908 4483 qui
928 4417 1057 4484 colaphos
1076 4416 1183 4484 perpeti

334 4528 336 4534 ·
433 4504 511 4559 Potis
530 4505 678 4573 parasitus,
697 4505 841 4574 frangique
861 4507 936 4558 aulos
957 4505 983 4560 iu
1004 4513 1086 4573 caput
1105 4511 1156 4560 eto.

1197 4595 1232 4649 2*
