3590 5490
701 529 900 590 ..5-

722 774 815 858 Gap.
838 775 879 842 Π.

268 967 319 1036 lic
342 969 491 1056 parasiti
514 985 686 1054 personae
712 971 907 1054 originibus
930 971 1106 1052 variisque
1131 969 1331 1053 gonoribus.

302 1128 401 1194 Multo
417 1133 587 1210 antequam
605 1136 637 1196 et
659 1127 760 1209 κόλαξ
776 1135 809 1196 et
831 1132 1015 1216 παράσιτος
1038 1130 1069 1194 in
1087 1130 1258 1196 comoediis
1274 1128 1386 1196 Attiois

213 1235 437 1316 invenirentur,
472 1234 639 1318 Syracusis
673 1236 962 1320 Epicharmus
997 1256 1165 1320 personam
1200 1235 1320 1320 illam1)
1354 1236 1386 1302 in

214 1362 363 1408 scaenam
386 1341 543 1424 produxit,
568 1342 619 1410 cui
642 1342 706 1408 iam
728 1343 761 1408 in
786 1343 950 1410 comoedia
972 1343 1135 1426 Megarica
1149 1348 1264 1426 'partes
1288 1341 1386 1408 fuisse

213 1448 384 1516 verisimile
401 1453 456 1514 est.
501 1449 615 1544 licque
638 1449 714 1516 mihi
731 1449 859 1530 quidem
879 1450 1018 1515 dubitari
1040 1470 1134 1533 posse
1152 1450 1286 1532 videtur,
1310 1449 1385 1530 quin

213 1554 351 1638 origines
366 1555 435 1638 typi
451 1555 536 1620 illius
552 1555 686 1638 parasiti
701 1556 764 1620 iam
777 1556 1004 1636 antiquissimis
1017 1557 1212 1640 temporibus
1228 1553 1385 1637 menneo.

213 1661 294 1726 Nam
333 1661 557 1745 Epicharmum
595 1662 759 1728 materiam
801 1661 980 1728 fabularum
1019 1663 1306 1748 componendarum
1346 1682 1386 1726 ex

214 1767 486 1834 carminibus
510 1767 719 1851 cyclicis,
744 1787 827 1848 quae
847 1753 1007 1850 uocantur,
1032 1789 1093 1834 non
1117 1789 1189 1836 raro
1213 1769 1386 1853 sumpsisse

213 1871 388 1957 appareti).
417 1873 575 1940 Carmina.
588 1874 682 1940 enim.
695 1874 759 1954 illa,
783 1894 845 1954 quo
869 1876 980 1958 magis
995 1876 1160 1957 magisque
1184 1875 1265 1940 aulis
1288 1875 1386 1956 regiis

213 1980 331 2044 relictis
355 1980 396 2046 ad
424 1981 549 2064 plebem
573 1980 722 2064 civesque
749 1981 874 2046 urbium
901 1988 1122 2064 pervenerunt
1151 2003 1189 2048 eo
1212 1983 1314 2065 magis
1338 1982 1384 2048 iu·

212 2086 307 2168 genio
341 2105 466 2167 quoqne
498 2087 623 2153 illorum
656 2086 816 2157 homiuum
849 2090 1041 2171 aptabantur
1072 2095 1104 2154 et
1135 2089 1320 2171 saepissime
1353 2088 1385 2154 in

213 2192 354 2258 deterius
370 2192 545 2274 depravata
559 2198 641 2270 sunt,
665 2198 701 2258 ut
714 2193 812 2260 risum
830 2200 994 2268 mouerent
1016 2200 1048 2260 et
1071 2194 1112 2259 ad
1136 2214 1262 2260 sensum
1285 2214 1384 2278 popu-

213 2299 312 2368 larem
329 2298 555 2382 vulgaremque
572 2299 885 2368 accomodarentur...
906 2302 956 2366 Ex
974 2300 1117 2366 ridiculis
1132 2301 1196 2366 illis
1212 2301 1385 2367 carminum

213 2405 406 2486 cyclicorum
423 2404 509 2487 locis,
534 2425 665 2486 quorum
686 2406 853 2472 nonnullos
877 2407 960 2472 inira
976 2407 1115 2490 afferam,
1138 2407 1275 2491 plurima
1294 2407 1384 2476 tabu-

212 2511 316 2578 larum
337 2517 525 2594 argumenta
540 2517 609 2578 orta
624 2518 704 2592 sunt,
718 2513 802 2593 quod
818 2533 859 2577 111
871 2512 970 2578 titulis
986 2513 1385 2596 Epicharmeiscolligitur.

302 2725 323 2790 ¹)
341 2723 403 2780 Non
430 2738 547 2792 perrone
570 2728 677 2778 tantum
696 2739 762 2778 usus
783 2731 825 2778 eat
843 2723 1022 2794 Epicharmus
1051 2725 1096 2796 (ci.
1117 2724 1266 2792 Dietcrich,
1294 2723 1383 2780 Pulci·
1446 2759 1447 2762 =

212 2812 285 2866 nella
303 2829 365 2882 pag.
385 2813 441 2884 42),
470 2811 517 2867 sed
541 2812 649 2867 nomine
667 2829 776 2882 quoque
795 2813 977 2882 parasitorum
997 2814 1147 2884 appellavit
1165 2813 1288 2868 homiues
1308 2812 1383 2868 illos:

213 2916 281 2968 quae
299 2917 345 2955 111
362 2917 523 2969 quamquam
543 2916 575 2954 cx
594 2901 795 2956 comoediarum
814 2900 937 2969 reliquiis
957 2901 1082 2970 intellegi
1101 2919 1155 2956 uon
1173 2908 1274 2971 potest,
1293 2909 1383 2955 tamen

212 2996 328 3056 apparet
346 3003 378 3043 ex
400 2990 520 3044 schol.
545 2989 1384 3060 Τ.εάΗο111.ΙΙ.Ρ.577(Κ1ἰί111,Ο.(1.1’.Ιιρκις.96

211 3077 250 3147 fg.
264 3077 323 3146 35):
352 3081 386 3128 τὸ
408 3074 438 3128 δὲ
458 3081 584 3144 ὄνομα
602 3089 653 3129 τοῦ
677 3083 830 3148 παρασίτου
855 3081 956 3146 εἴρηται
976 3080 1006 3130 ἐν
1018 3075 1121 3130 Ἐλπίδι
1143 3080 1207 3149 παρ’
1222 3081 1377 3148 Ἐπιχάρμῳ

212 3166 360 3238 eademque
384 3173 479 3220 narrat
502 3167 644 3222 Pollux
662 3168 703 3221 VI
722 3168 768 3222 35:
881 3169 925 3218 ἐπὶ
952 3170 1049 3234 μέντοι
1067 3177 1118 3218 τοῦ
1137 3180 1297 3236 παρασιτεῖν
1314 3172 1383 3218 κατὰ

211 3253 327 3318 λιχνείαν
349 3259 367 3321 ἢ
391 3254 535 3306 κολακείαν
562 3267 672 3325 πρῶτος
709 3258 871 3326 Ἐπίχαρμος
907 3260 959 3307 τὸν
986 3261 1140 3328 παράσιτον
1168 3261 1382 3322 ὠνόμασεν.

212 3343 300 3398 Aliter
319 3351 484 3399 censuerunt
503 3344 688 3399 Wilamowitz
712 3350 739 3398 ot
757 3345 855 3399 Kaibel
883 3346 913 3410 (l.
933 3363 955 3399 c.
974 3361 1038 3414 pag.
1058 3347 1092 3398 97
1110 3347 1149 3416 lg.
1170 3345 1225 3416 37),
1255 3344 1301 3412 qui
1318 3345 1382 3413 Epi·

212 3433 350 3486 charmnm
369 3433 477 3488 nomine
495 3433 610 3502 parasiti
628 3449 707 3487 usum
727 3448 787 3488 esse
805 3443 917 3503 negant.

301 3541 321 3608 ²)
341 3539 436 3608 Typus
460 3539 507 3594 illo
526 3539 673 3606 hominum,
702 3539 748 3607 qui
768 3539 865 3594 similis
878 3549 922 3595 cst
940 3541 1069 3609 parasito,
1088 3541 1115 3594 iu
1128 3541 1208 3596 Ionia
1227 3547 1303 3596 ortus
1323 3555 1382 3595 esse

211 3627 327 3695 videtur,
348 3629 420 3696 quod
433 3634 547 3696 apparet
559 3644 591 3683 ex
604 3629 767 3683 carminibus
780 3629 987 3696 postbomcricis
1001 3629 1117 3698 exempli
1135 3629 1226 3699 gratia
1244 3631 1291 3683 Ar
1302 3647 1315 3682 c
1326 3630 1343 3692 h
1354 3629 1382 3682 i-

211 3717 319 3772 lochi
338 3718 382 3784 (fr.
403 3717 546 3787 78ng.):

350 3871 386 3882 -
404 3871 439 3882 -
458 3839 562 3892 πσίίὸν
581 3838 610 3892 δὲ
628 3846 718 3892 πίνων
736 3845 779 3892 καὶ
796 3839 958 3910 χαλίκρητον
975 3841 1059 3908 μέθυ,

352 3934 417 3982 οὔτε
436 3943 518 3996 τῖμον
537 3932 695 3999 εἰσενεγκὼν
715 3959 748 3972 -
769 3961 803 3970 —
823 3961 855 3969 -

353 4015 418 4069 οὐδὲ
436 4021 492 4084 μὴν
510 4017 619 4084 κληθεὶς
638 4020 678 4089 ὑρ’
699 4022 787 4084 ἡμῶν,
807 4017 890 4084 ἦλθες
908 4017 953 4069 σία
972 4016 1005 4084 δὴ
1025 4018 1107 4088 φίλος.

352 4104 419 4157 aila
439 4109 479 4172 σ’ἡ
497 4111 601 4178 γαστὴρ
621 4112 689 4158 νόον
707 4127 737 4158 τε
756 4113 800 4158 καί
819 4110 918 4177 φρένας
937 4113 1093 4178 παρήγαγεν

352 4198 387 4250 εἰς
405 4192 535 4261 ἀναιδίαν.
573 4197 613 4252 of.
633 4212 728 4252 versus
747 4197 833 4252 Asii
853 4197 935 4258 (intra
953 4214 1017 4268 pag.
1037 4198 1053 4248 6
1072 4213 1133 4252 ann.
1154 4198 1190 4264 2).

300 4337 323 4406 ³)
343 4335 386 4390 Gi.
405 4337 499 4403 Reich,
525 4338 598 4406 „Der
616 4343 690 4392 rbm:
703 4338 827 4404 llimus“‚
851 4338 946 4408 Ipug.
965 4340 1008 4394 119,
1028 4369 1062 4383 -
1083 4339 1113 4394 0.
1133 4340 1240 4404 Miller,
1265 4339 1379 4409 ‚diesen

211 4426 259 4480 der
277 4425 380 4494 ngech.
400 4425 562 4491 Literatnr“‚
590 4425 620 4482 11
638 4443 701 4495 pag.
721 4427 737 4478 3
761 4426 860 4482 similia
883 4426 1010 4496 explicat.
1048 4427 1218 4482 Sudhausius
1238 4443 1280 4482 me
1300 4426 1379 4482 huius
1469 4505 1472 4510 1

210 4514 248 4569 rei
269 4514 483 4569 commonefecit.
804 4535 806 4538 ·
