3590 5490
695 566 825 624 -21
868 529 914 606 ¹..

217 759 287 802 rum
311 740 477 821 invenitur,
510 738 697 802 numerandi
725 743 798 802 sunt
820 738 955 821 parasiti
977 737 1034 818 illi,
1059 737 1113 818 qui
1136 736 1289 800 simillimi
1321 741 1395 799 sunt

208 865 375 927 personae
399 847 482 910 servi
510 844 667 929 suod01i1)
693 851 723 909 et
747 846 853 924 astuti,
886 845 940 925 qui
972 843 1100 908 fraudes
1125 843 1278 923 dolosque
1310 843 1393 925 peri-

218 953 431 1017 culosissimos
449 953 567 1017 domini
590 953 693 1035 gratia
714 953 808 1016 subit.
832 989 874 998 -
898 951 1039 1027 Quorum
1063 951 1095 1014 in
1119 969 1249 1014 numero
1273 951 1392 1014 haben·

217 1059 275 1122 dus
300 1065 349 1124 est
376 1060 544 1142 parasitus,
577 1060 631 1140 qui
660 1065 708 1123 est
736 1059 767 1122 in
796 1058 946 1122 Plauti
980 1056 1151 1137 comoedia,
1185 1076 1267 1137 quae
1300 1057 1394 1120 inser.

218 1167 368 1230 Persa:
401 1167 528 1230 Saturio
553 1167 645 1246 quasi
674 1167 915 1229 instrumentum
939 1171 987 1227 est
1009 1163 1278 1245 promptissimum
1301 1162 1393 1226 falla·

218 1273 337 1336 ciarum
360 1274 392 1338 in
417 1274 562 1337 lenonem
588 1272 883 1355 componendarum.
1253 1281 1254 1288 ’

308 1398 408 1474 Quasi
436 1404 544 1481 partes
569 1405 600 1461 et
622 1417 790 1480 personam
815 1416 911 1480 agere
934 1395 1060 1459 videtur
1083 1396 1166 1459 servi
1194 1395 1279 1457 illius
1305 1394 1394 1459 ealli-

220 1505 341 1569 dissimi
361 1505 601 1584 fidelissimique
626 1503 853 1582 Curculio,
877 1503 1070 1583 maximique
1086 1502 1237 1567 momenti
1256 1521 1394 1584 persona

217 1611 284 1674 eius
309 1617 370 1675 est:
399 1612 459 1674 iter
482 1611 558 1677 iacit
588 1631 645 1694 pro
670 1611 804 1690 domino,
838 1609 967 1674 anulum
990 1611 1120 1686 iuratur,
1153 1609 1242 1672 dolos
1270 1609 1392 1674 fallaci·

217 1736 315 1796 asque
346 1724 377 1780 et
408 1717 439 1781 in
472 1717 604 1780 militem
632 1723 663 1780 et
694 1718 726 1779 in
758 1716 944 1798 trapezitam
978 1716 1069 1780 struit
1102 1721 1132 1780 et
1164 1715 1288 1797 magnis
1322 1735 1391 1781 curn
1429 1715 1432 1722 '

219 1814 369 1905 periculis
393 1843 494 1904 usque
519 1824 559 1886 ad
582 1823 675 1886 finem
699 1822 853 1905 perducit.

248 1965 251 1978 ·
307 1948 348 2009 Et
372 1951 406 2010 ut
429 1948 460 2010 in
485 1947 545 2012 hac
568 1947 678 2010 fabula
694 1947 850 2028 Curculio,
875 1947 919 2010 ita
942 1946 1039 2009 multo
1063 1946 1165 2027 magis
1188 1946 1391 2012 Phormio

217 2054 341 2116 adiutor
363 2053 565 2118 fidelissimus
589 2059 637 2116 est
670 2053 805 2117 domini:
839 2053 972 2117 conviva
996 2058 1044 2116 est
1067 2052 1257 2134 Antiphonis
1281 2054 1389 2118 adule-

216 2161 342 2241 scentis,
376 2167 407 2224 et
438 2162 597 2242 parasitus
630 2166 661 2224 et
694 2160 840 2223 adulator
873 2159 933 2243 (vv.
959 2159 1123 2239 327sqq.).
1180 2159 1242 2222 Sed
1282 2179 1389 2239 quam-

219 2287 312 2346 quam
345 2268 471 2331 nomine
504 2267 637 2348 parasiti
666 2266 846 2349 appellatur
869 2271 908 2346 (v.
933 2270 984 2346 28,
1011 2269 1095 2345 122),
1128 2271 1234 2330 tamen
1258 2266 1391 2330 multum

217 2373 322 2437 differt
345 2374 472 2454 ingenio
496 2373 699 2452 moribusque
724 2373 877 2455 imprimis
910 2372 1046 2436 audacia
1070 2391 1196 2452 quoque
1221 2377 1253 2437 et
1276 2373 1392 2437 fiducia

152 2519 154 2528 ι
216 2483 255 2543 ab
280 2479 392 2544 humili
415 2479 469 2544 illo
486 2480 697 2562 parasitorum
713 2499 839 2560 genere,
863 2479 903 2543 de
920 2499 981 2558 quo
998 2499 1095 2561 supra
1111 2479 1241 2560 egimus.
1274 2477 1390 2553 Quam-

217 2606 310 2666 quam
335 2586 428 2650 valde
461 2587 596 2667 gratiam
619 2585 717 2650 refert
741 2586 866 2649 domino
900 2605 1003 2665 neque
1036 2585 1162 2648 omnino
1196 2586 1273 2649 satis
1297 2607 1390 2668 para

216 2693 309 2755 situm
337 2693 443 2773 „regi“
470 2712 527 2758 suo
551 2693 687 2775 gratiam
710 2693 829 2757 habere
853 2713 947 2775 posse
972 2693 1131 2756 existimat
1140 2690 1175 2778 2),
1204 2699 1310 2756 tamen
1335 2695 1390 2756 ah·

217 2800 312 2863 stinet
336 2802 375 2862 ah
401 2798 583 2864 adulatione
608 2807 639 2863 et
656 2799 825 2866 blanditiis,
856 2800 957 2865 Homo
982 2818 1055 2864 vere
1080 2800 1200 2863 amicus
1225 2805 1273 2864 est
1292 2800 1389 2862 domi-

214 2926 325 2969 norum
358 2903 640 2990 adulescentium⁸)
669 2926 727 2988 per
758 2906 873 2970 multos
906 2926 1018 2985 annos3
1046 2925 1113 2969 rem
1138 2906 1325 2987 Antiphonis
1355 2913 1387 2970 et

215 3011 392 3076 Phaedriae
417 3017 579 3091 tamquam
594 3032 684 3074 suam
707 3013 773 3092 agit
794 3011 985 3090 adiuvatque
1008 3032 1061 3075 eos
1083 3012 1163 3076 dolis
1180 3011 1388 3093 perficiendis,

216 3117 356 3197 oonsilio,
390 3138 495 3200 opera.
542 3118 583 3182 Ut
616 3117 741 3182 domino
770 3117 910 3200 puellam
944 3123 1081 3180 amatam
1115 3118 1268 3198 conciliet,
1303 3119 1390 3182 litem
1460 3151 1463 3158 =

215 3224 357 3304 instituit,
381 3225 449 3306 ipse
473 3225 611 3288 maxima
635 3225 778 3306 pericula
802 3224 928 3308 subin).

306 3474 325 3538 ¹)
344 3472 376 3524 In
404 3471 512 3525 mimo
543 3471 874 3540 Oxyrhynchensi
903 3473 947 3538 (de
980 3488 1033 3537 quo
1066 3473 1125 3540 egit
1153 3473 1332 3527 Sudhaus
1360 3472 1390 3526 in

214 3560 316 3614 Herme
334 3561 377 3619 41,
399 3560 468 3612 1906
486 3577 533 3628 pg.
546 3561 598 3611 247
609 3561 680 3627 sqq.)
708 3558 863 3614 simillimus
893 3569 935 3614 est
962 3561 1099 3628 parasitus
1124 3560 1209 3614 servis
1238 3561 1294 3614 illis
1315 3561 1389 3614 calli-

214 3648 341 3714 dissimis
370 3648 530 3716 quibuscum
559 3649 683 3703 fraudem
712 3648 891 3717 fallaciasque
909 3650 938 3702 in
961 3649 1098 3704 dominam
1118 3649 1200 3704 struit
1218 3649 1387 3717 perficitque.

215 3736 290 3789 diam
309 3736 406 3791 irridet
425 3754 504 3790 anum
525 3737 667 3805 deceptam
688 3745 716 3792 ct
734 3737 826 3791 illudit
845 3740 878 3803 ei,
899 3742 1042 3804 servatque
1062 3739 1214 3804 dominum,
1240 3754 1302 3790 cum
1321 3755 1389 3792 uxor

214 3841 274 3878 eum
293 3833 397 3880 veneno
415 3826 595 3880 interfectura
614 3827 657 3880 sit.
679 3855 712 3866 -

303 3941 324 4008 ²)
344 3942 382 3996 Ut
401 3949 495 3996 narrat
506 3958 551 3995 vv.
566 3941 618 3994 338
632 3959 699 4009 sqq,
721 3957 789 4009 quae
809 3941 895 3996 verba
909 3943 1061 4010 comparari
1079 3950 1195 4010 possunt
1214 3960 1275 3998 curn
1288 3943 1387 4010 verbis,

215 4045 282 4098 quae
311 4030 377 4083 tacit
404 4030 539 4098 parasitus
569 4031 640 4099 apud
668 4031 830 4085 Ennium
859 4031 897 4100 (in
921 4031 991 4084 libro
1016 4033 1057 4085 VI
1075 4036 1147 4100 sat),
1178 4048 1246 4098 (pirae
1274 4031 1389 4086 tradidit

213 4117 390 4173 Donatus
411 4120 455 4189 (ad
474 4120 584 4172 Terent.
599 4121 709 4174 Phorm.
723 4138 748 4173 v.
763 4119 834 4187 338).

303 4237 324 4302 ³)
345 4235 405 4301 Qua
419 4237 452 4289 de
465 4251 548 4289 causa
557 4235 678 4303 Antipho
691 4236 849 4289 adulescens
859 4235 941 4290 valde
955 4251 1015 4287 eum
1029 4235 1123 4288 laudat
1135 4235 1259 4290 versibus
1270 4238 1319 4288 561
1333 4253 1386 4306 sq:

427 4341 626 4396 Audacisstrme
646 4342 734 4395 oneris
756 4341 888 4407 quodvis
907 4341 1024 4409 impone,
1044 4343 1159 4398 ecferet:

427 4432 506 4486 Solus
527 4431 668 4485 esthemo
689 4431 774 4484 amico
795 4431 905 4484 amicus.
934 4493 936 4498 Ι

301 4557 323 4621 ⁴)
343 4557 460 4609 linxirne
481 4555 672 4623 pervulgatam
691 4554 776 4608 fuisse
795 4556 864 4608 hanc
884 4554 1005 4609 Terentii
1023 4555 1144 4609 fabulam
1164 4562 1192 4611 et
1211 4557 1386 4612 Phormionis
