3590 5490
817 553 1038 616 ..15-

343 730 397 811 qui
420 729 637 795 humilissimis
661 729 822 794 blanditiis
845 735 1012 813 patronum
1036 729 1214 810 adulantur,
1237 731 1335 794 rerba
1356 734 1515 794 coutume-

342 837 431 916 liosa,
461 836 536 918 quin
561 834 812 920 etiamllagra1)
837 835 955 902 domiui
983 833 1055 900 irati
1078 835 1249 918 patiuntur.
1295 833 1388 912 Quod
1416 853 1516 918 genus

341 939 551 1026 parasitorum
591 943 709 1026 optime
744 941 879 1024 quadrat
917 943 957 1006 ad
996 947 1141 1006 naturam
1181 941 1364 1008 comoediae
1402 942 1515 1027 prioris

343 1048 458 1113 aetatis
474 1053 507 1113 et
529 1048 712 1113 memoriam
729 1049 821 1112 affert
842 1047 975 1132 parasiti
998 1047 1093 1128 illius,
1117 1049 1171 1130 qul
1191 1049 1276 1131 apud
1292 1047 1514 1132 Epiuluarmuur

343 1156 374 1218 in
408 1155 588 1238 comoedia,
625 1173 708 1236 quae
745 1155 927 1220 interibitur
957 1148 1071 1231 Ἐλπὶς
1102 1151 1121 1236 ἢ
1154 1153 1310 1238 πλοῦτος,
1346 1156 1514 1240 reperitur:

342 1261 457 1343 quibus
481 1259 521 1326 de
545 1262 651 1326 nausis
673 1263 846 1345 praecipue
868 1266 979 1344 poetas
1003 1261 1215 1342 antiquiorum
1243 1266 1420 1344 temporum
1444 1261 1515 1326 illos

342 1369 374 1432 iu
398 1385 546 1432 scaenam
572 1367 759 1450 produxisse
783 1367 936 1433 existimo.
982 1367 1146 1432 Eiusmodi
1168 1367 1301 1450 parasiti
1324 1367 1442 1451 optime
1462 1367 1514 1432 de·

342 1474 521 1539 scribuntur
544 1474 576 1536 iu
599 1469 888 1556 Aloiphrouis
912 1473 1119 1556 epistularum
1143 1471 1223 1538 libro
1246 1473 1301 1541 Ill.

432 1581 472 1643 At
494 1587 608 1663 postea
623 1580 751 1644 exoulta
767 1585 814 1644 est
837 1579 938 1662 magis
961 1580 1148 1662 parasitutio
1172 1586 1205 1644 et
1225 1579 1324 1644 multo
1340 1580 1516 1664 elegantior

343 1691 375 1750 et
397 1686 564 1750 humanior
587 1693 635 1750 est
657 1686 817 1770 parasitus
840 1692 871 1749 et
894 1686 1022 1768 ingenio
1045 1691 1078 1750 et
1099 1686 1222 1751 ratione
1239 1685 1367 1751 uiuendi
1390 1693 1422 1752 et
1444 1705 1515 1752 sose

343 1791 483 1874 gerendi,
500 1791 732 1874 benigniusque
748 1811 768 1856 a
785 1791 910 1856 domiuo
926 1797 1087 1873 tractatur,
1108 1792 1153 1855 ita
1169 1798 1373 1858 utsummum
1389 1794 1513 1858 laudem

343 1904 476 1981 patrono
500 1898 660 1980 impertiat
683 1905 715 1962 et
731 1904 894 1962 oonteutus
911 1899 953 1962 sit
970 1905 1055 1963 sorte
1074 1917 1141 1980 sua,
1165 1899 1276 1980 quales
1300 1905 1426 1964 exstem
1446 1901 1516 1984 typi

342 2005 429 2087 apud
460 2005 753 2088 Antiphauem
786 2005 1007 2086 lr.11431i,
1040 2005 1071 2068 ll
1100 2006 1184 2068 701(
1217 2011 1249 2070 et
1280 2006 1514 2072 Diodorum

342 2113 379 2177 ir.
402 2112 434 2174 Π
457 2111 563 2174 lunii
589 2111 732 2191 miosque
756 2115 867 2194 poetas
891 2111 995 2196 (Bion.
1018 2131 1090 2194 pag.
1116 2111 1240 2197 nillil).

432 2218 573 2281 Fuerunt
589 2235 715 2298 quoque
730 2222 882 2300 tempora,
900 2217 1014 2297 quibus
1029 2217 1157 2282 fastidio
1175 2221 1281 2282 esseut
1297 2215 1344 2282 illi
1360 2220 1514 2285 homines:

343 2331 518 2405 queruntur
540 2325 673 2406 parasiti
697 2323 893 2404 iniquitatem
917 2329 1106 2406 temporum
1137 2321 1213 2405 quin
1238 2324 1334 2388 etiam
1356 2325 1515 2408 parasitus

343 2431 428 2495 omni
449 2449 506 2514 spe
522 2429 717 2494 iuouudioris
732 2431 818 2494 vilae
834 2430 979 2511 agendae
995 2431 1133 2511 dimissa,
1156 2449 1269 2494 manus
1285 2430 1346 2496 sibl
1369 2431 1515 2496 illaturus

343 2544 398 2619 est,
432 2543 468 2601 ut
494 2537 578 2620 apud
607 2541 732 2620 poetam
765 2536 862 2618 illum,
891 2537 981 2601 ouius
1004 2539 1102 2602 verba
1126 2537 1219 2601 affert
1245 2537 1514 2624 Libauius²):

507 2747 880 2761 ------
903 2713 1009 2777 πάλαι
1031 2713 1089 2794 μὲν
1114 2707 1169 2777 οὖν

503 2817 621 2903 ἐγέλων
645 2819 781 2900 ἀκούων,
807 2817 858 2883 ὅτι
882 2817 1073 2898 θανεῑντις
1094 2820 1255 2901 βούλεται,

503 2923 637 2990 σπεύδει
660 2949 696 2990 τε
720 2926 898 3011 προλαβεῖν
921 2925 1099 3012 adunatos
1122 2926 1348 3010 ἀποκείμενον,

503 3032 558 3097 ὅτε
580 3044 651 3109 τοῖς
674 3035 866 3118 κακούργοις
889 3031 906 3097 ὁ
931 3033 1030 3116 νόμος
1053 3033 1100 3111 εἰς
1122 3037 1283 3120 τιμωρίαν

504 3139 612 3225 ὥριζε,
636 3151 733 3203 τοῦτο
756 3138 870 3226 κέρδος
889 3139 1014 3223 ἡγεῖται
1038 3141 1157 3222 λαβεῖν.

503 3246 609 3310 πάλαι
632 3245 690 3328 μὲν
715 3246 799 3310 οὕτω
824 3241 914 3309 ταῦτ’
939 3244 1105 3328 ἐδόξαζον,
1130 3247 1245 3328 πάλαι,

502 3363 558 3415 νῦν
583 3347 611 3416 δ’
636 3347 677 3416 αὖ
700 3357 871 3436 μετέγνων.
901 3391 945 3400 -
969 3393 1011 3400 -
1036 3393 1078 3400 -
1102 3354 1168 3417 κτλ.

344 3532 384 3595 lit
421 3530 504 3594 idem
543 3533 610 3595 lere
645 3527 787 3611 queritur
823 3532 982 3614 parasitus
1017 3533 1101 3614 apud
1137 3533 1447 3616 Aloiphrouem
1482 3534 1514 3596 in

343 3637 480 3720 epistula
502 3640 545 3699 49
570 3637 642 3701 libri
665 3637 721 3700 Ill.

432 3753 481 3816 De
505 3753 697 3818 moribus
722 3759 762 3817 et
785 3753 935 3818 indole
958 3755 1176 3837 parasitorum,
1201 3773 1279 3836 quos
1295 3756 1422 3837 quidem
1443 3776 1514 3838 per-

343 3858 450 3923 multis
474 3859 505 3923 in
534 3859 651 3923 fabulis
678 3859 777 3924 fuisse
800 3862 976 3944 fragmenta
1000 3862 1122 3944 donent,
1155 3882 1216 3926 non
1244 3863 1306 3926 iam
1335 3863 1412 3926 mihi
1435 3881 1514 3945 opus
1554 3910 1556 3922 .

344 3971 392 4030 est
418 3965 543 4048 lougius
568 3965 732 4048 disserere,
760 3987 831 4032 eum
858 3968 1131 4032 Ribbeokius
1159 3969 1260 4032 multa
1281 3971 1380 4034 verba
1403 3968 1442 4032 de
1465 3968 1514 4033 his

344 4073 439 4136 rebus
472 4072 585 4136 ieoerit
617 4073 637 4138 l.
661 4091 687 4140 o.
711 4094 779 4155 oap.
802 4074 845 4136 IV
868 4093 940 4156 pag.
965 4078 1104 4138 31-111,
1160 4074 1285 4158 Optime
1320 4074 1515 4156 significatur

434 4277 460 4344 ¹)
482 4275 563 4344 Apud
591 4273 824 4343 Eupolidem
854 4285 959 4344 quoque
987 4276 1014 4329 in
1042 4277 1075 4332 ir.
1097 4277 1186 4331 lollii
1214 4291 1259 4333 uu.
1281 4277 1313 4330 ld
1327 4291 1384 4345 sqq.
1414 4276 1515 4331 similia

344 4369 498 4420 narrentur.

421 4453 455 4519 'll
474 4447 566 4506 Velim
593 4453 730 4519 conteras,
760 4469 829 4521 quae
849 4451 997 4522 explicavit
1023 4451 1132 4508 Kook
1158 4453 1186 4508 iu
1211 4455 1326 4522 dissert,
1355 4455 1399 4510 eni
1417 4469 1515 4511 nomeu

344 4545 388 4595 est
406 4539 483 4594 Neue
502 4540 692 4594 Bruohstiioke
712 4539 842 4595 attisoher
861 4541 992 4596 Knmiker
1011 4543 1136 4606 (Hermes
1158 4545 1226 4596 1886
1244 4557 1308 4614 pag.
1328 4543 1381 4596 396
1391 4547 1472 4613 ηρ),
