3590 5490
776 491 996 548 -27-

387 663 424 725 ln
448 663 653 726 Alexidis
685 663 804 742 tabula,
838 663 889 728 cui
913 685 1026 728 nomen
1057 671 1104 728 est
1131 667 1238 748 (σιγάς
1271 667 1320 745 (tr.
1347 669 1409 727 257
1422 666 1474 746 K),

202 811 204 814 -
297 773 444 832 narratur
460 768 731 850 Chaerephontem
749 775 847 834 artem
868 769 1025 851 didicisse,
1050 791 1113 852 qua
1129 768 1314 851 ,ἀσύμβολα
1331 769 1470 833 δεῖπναιι
1523 766 1550 786 ”

298 876 360 939 sibi
391 880 566 954 quaereret.
602 913 646 922 -
680 876 720 938 Et
750 876 937 957 parasitatio
973 877 1029 940 illa
1063 897 1097 940 re
1132 897 1210 941 vera
1243 877 1387 942 doctrina
1418 884 1475 958 est,

299 1002 405 1062 quam.
426 982 585 1046 hominem
617 1001 691 1046 vere
723 983 896 1064 parasitum
928 1003 1061 1064 puerum
1094 983 1243 1048 didicisse
1275 990 1405 1066 oportet,
1443 990 1477 1046 nt

294 1087 495 1170 intellegitur
511 1109 559 1152 -ex
582 1089 788 1154 antidoti
811 1092 847 1153 ir.
865 1091 896 1152 H
922 1091 1035 1171 31οΚ,
1065 1112 1126 1172 quo
1151 1092 1220 1156 loco
1245 1099 1354 1155 narrat
1381 1111 1474 1173 para-

297 1195 376 1259 situs
402 1196 529 1276 qnidam
554 1196 630 1262 artis
659 1216 737 1260 suae
760 1197 982 1280 peritissimae,
1015 1198 1171 1278 quomodo
1195 1198 1370 1280 primordia
1398 1198 1475 1261 artis

293 1301 488 1384 parasiticae
513 1302 673 1366 didicerit:

456 1498 539 1560 κατὰ
562 1499 620 1582 τὴν
643 1495 755 1562 στάσιν
780 1497 818 1582 clip
843 1496 976 1574 στάντες
1000 1496 1215 1584 ἀκροάσασθέ
1237 1521 1314 1579 μοι’·

456 1604 536 1689 πρὶν
561 1601 764 1691 ἐγγραφῆναι
789 1605 843 1668 καὶ
868 1606 977 1687 λαβεῖν
1001 1603 1038 1669 τὸ
1063 1605 1252 1688 χλαμύδιον,

456 1711 534 1796 περὶ
558 1723 616 1774 τοῦ
640 1722 835 1795 παρασιτεῖν
860 1709 962 1788 εἴτις
986 1709 1123 1793 ἐμπέσοι
1147 1711 1253 1797 λόγος,

448 1814 495 1880 -τὸ
519 1821 672 1896 τεχνίον
697 1817 748 1880 ἀεὶ
771 1815 868 1881 τοῦτό
891 1841 949 1899 μοι
972 1823 1177 1899 κατεπίνετο,

457 1924 512 1986 καὶ
535 1924 736 2009 πολυμαθὴς
759 1922 845 2010 πρὸς
868 1923 948 1988 αὐτὸ
972 1925 1030 2010 τὴν
1055 1923 1202 1989 διάνοιαν
1227 1920 1274 2009 ἦν.

298 2129 401 2193 Simili
432 2128 554 2193 ratione
588 2127 627 2192 de
650 2133 791 2211 tempore
826 2129 968 2193 discendi
1001 2135 1100 2193 artem
1133 2129 1337 2210 parasiticam
1372 2135 1402 2192 et
1436 2129 1475 2192 de

298 2240 413 2299 eventu
446 2235 630 2298 eruditionis
654 2235 739 2299 illius
772 2242 881 2300 narrat
912 2237 1070 2318 parasitus
1104 2237 1189 2318 apud
1212 2236 1474 2299 Axionioum

298 2341 347 2422 (lr.
364 2343 411 2404 ΙΠ
436 2346 500 2406 534
511 2341 564 2424 Μ),
589 2341 628 2405 de
653 2362 714 2421 quo
738 2343 832 2405 velim
857 2342 1010 2423 conferas,
1035 2363 1118 2422 quae
1139 2343 1309 2424 explicavit
1325 2343 1470 2406 Ribbeck

299 2448 518 2531 baffi&

389 2573 432 2637 Ut
447 2572 652 2654 Antiphanes,
677 2572 721 2635 ita
745 2573 810 2635 alia
834 2573 971 2653 quadam
999 2573 1121 2637 ratione
1146 2578 1246 2636 artem
1269 2572 1474 2654 parasiticam

300 2679 434 2743 ridicule
467 2678 577 2741 laudat
604 2684 635 2742 et
663 2681 847 2762 comprobat
873 2680 1097 2744 Diodorus
1126 2681 1174 2758 (ir.
1195 2679 1228 2741 Π
1250 2682 1316 2740 420
1327 2678 1379 2760 K),
1404 2698 1474 2766 oum

288 2806 363 2850 ‘non
387 2785 489 2850 solum
506 2794 701 2868 παρασιτεῖν
717 2785 797 2847 illud
814 2785 844 2848 in
861 2805 992 2849 numero
1017 2785 1131 2848 artium
1154 2784 1280 2865 habeat,
1305 2783 1473 2848 sedetiam

297 2891 385 2955 illam
409 2891 506 2954 multo
532 2890 688 2955 excellere
713 2891 794 2954 inter
822 2895 943 2954 ceteras
972 2897 1057 2954 artes
1087 2891 1288 2970 demonstret,
1323 2891 1473 2970 qnoniam

299 2996 442 3080 luppiter
466 2998 534 3081 ipse
559 3003 668 3061 auctor
692 2998 733 3060 sit
757 2998 833 3061 artis
857 2999 1062 3080 parasiticae:

294 3229 298 3236 ·
326 3183 329 3188 ¹
402 3230 712 3240 —————
735 3189 895 3274 βούλομαι
919 3191 1024 3272 ὄεῑξαι
1049 3204 1181 3278 σαφῶς

403 3299 448 3375 ὡς
471 3296 586 3380 σεμνόν
610 3295 678 3362 ἐστι
701 3309 798 3361 τοῦτο
822 3299 877 3361 καὶ
903 3304 1131 3380 νενομισμένον

402 3406 457 3468 καὶ
480 3417 545 3470 τῶν
570 3409 660 3468 θεῶν
685 3404 823 3491 εὕρημα·
848 3406 917 3481 τὰς
941 3399 974 3484 δ’
1000 3404 1119 3481 ἄλλας
1142 3409 1282 3485 τέχνας

406 3511 513 3588 οὐδεὶς
536 3517 626 3576 θεῶν
650 3511 843 3593 κατέδειξεν,
869 3507 939 3580 ἀλλ’
965 3511 1080 3597 ἄνδρες
1104 3515 1212 3596 σοφοί.

403 3615 440 3682 τὸ
464 3619 526 3704 γὰρ
551 3615 788 3704 παρασιτεῖν
814 3613 925 3703 εὗρεν
949 3616 966 3681 ὁ
991 3619 1084 3694 Ζεὺς
1109 3615 1125 3681 ὃ
1151 3619 1262 3702 φίλιος
1285 3618 1351 3680 κτλ.

300 3823 452 3888 Similiter
476 3824 561 3906 apud
583 3823 781 3886 Nicolaum
806 3822 854 3907 (tr.
878 3824 926 3885 ΙΠ
950 3827 1013 3886 383
1031 3823 1083 3907 K.)
1109 3822 1195 3886 lilius
1212 3822 1300 3886 Jovis
1317 3823 1472 3886 Tantalus

299 3925 414 4014 (,,Διὸς
436 3933 602 4013 πεφυκώς,
627 3928 671 4003 ὡς
694 3928 831 4012 λέγουσι,
854 3925 1051 4012 Τάνταλοςιί)
1074 3934 1184 3992 auctor
1208 3934 1256 3992 est
1280 3929 1356 3992 artis
1380 3950 1472 4011 para·

294 4037 416 4101 ¹siticae.

388 4142 449 4218 uui
474 4162 582 4206 versus
604 4143 781 4223 comparari
805 4149 937 4224 possunt
961 4162 1032 4205 cum
1055 4142 1161 4205 verbis
1184 4141 1373 4204 Luciani
1397 4141 1430 4225 (l.
1449 4161 1472 4205 c.

301 4270 367 4332 cap.
392 4249 444 4334 Χ),
473 4269 534 4328 quo
559 4249 628 4312 loco
653 4248 885 4313 demonstratur
910 4255 1008 4312 artem
1032 4248 1235 4331 parasiticam
1260 4249 1300 4311 ab
1324 4247 1472 4312 heroibus

298 4357 458 4420 inventam
490 4355 638 4434 virosque
671 4354 742 4419 illos
775 4355 961 4419 fortissimos
996 4355 1169 4418 carminum
1202 4355 1377 4419 Homeri
1410 4373 1472 4417 non

297 4441 369 4526 raro
393 4443 549 4545 parasitos
573 4462 679 4541 luisse,
704 4462 755 4526 vel
779 4440 932 4544 imprimis
961 4461 1152 4540 Ulixem,
1182 4462 1236 4541 qui
1259 4461 1356 4524 vitam
1380 4481 1469 4543 parav
