3590 5490
810 537 1031 596 „14-

336 713 517 784 inscribitur
559 708 711 794 Κόλακες.
767 711 890 776 Calliae
931 711 1088 775 luxuriam
1121 717 1152 774 et
1174 709 1340 798 parasitos
1372 707 1506 790 impudi-

335 820 477 884 oissimos
502 818 713 901 exagitandos
735 818 797 882 sibi
820 822 1037 900 proposuerat.
1439 878 1441 884 ,

424 926 472 989 Ex
510 925 660 1008 parabasi
698 929 826 988 servata
864 928 948 998 suut,
991 941 1073 1003 quae
1114 921 1282 985 traduntur
1318 921 1355 984 fr.
1392 925 1454 985 159
1468 922 1506 988 K.

335 1032 466 1095 Maximi
497 1030 646 1095 momenti
678 1030 738 1095 hoo
769 1029 981 1111 fragmentum
1005 1033 1061 1108 est,
1094 1048 1165 1092 oum
1192 1028 1241 1091 his
1265 1028 1370 1091 verbis
1395 1028 1507 1093 chorus

335 1137 547 1219 parasitorum
570 1136 732 1218 ingenium
755 1156 859 1200 mores
883 1134 1037 1199 rationem
1060 1133 1187 1200 vivendi
1209 1134 1404 1216 pronuntiet:

446 1312 527 1376 ἀλλὰ
551 1310 680 1375 δίαιταν
706 1315 742 1397 ἣν
766 1305 871 1391 ἔχουό
897 1309 928 1374 ολ
951 1310 1086 1386 κόλακες
1110 1308 1196 1396 πρὸς
1218 1307 1302 1392 ὑμᾶς

443 1419 591 1501 λέξομεν·
618 1412 687 1481 ἀλλ’
713 1411 873 1481 ἀκούσαθ’
898 1417 943 1494 ὡς
967 1415 1060 1499 ἐσμὲν
1084 1417 1217 1479 ἅπαντα
1240 1418 1367 1500 κομψοὶ

446 1522 571 1609 ἄνδρες,
596 1523 843 1610 ότοισιπρωτα
865 1523 924 1606 μὲν
949 1534 1030 1600 παῖς
1054 1519 1239 1598 ἀκόλουθός
1263 1520 1349 1586 ἐστιν

445 1629 616 1719 ἀλλότριος
639 1631 680 1693 τὰ
704 1631 822 1711 πολλά,
846 1628 962 1716 μικρὸν
987 1628 1077 1693 δέτι
1101 1627 1204 1710 κάμὸν
1229 1629 1337 1692 αὐτοῦ.

444 1735 564 1819 ἱματίω
589 1735 626 1800 δέ
647 1759 704 1818 μοι
729 1731 777 1800 δύ’
802 1735 904 1801 ἐστὸν.
918 1740 1066 1822 χαρίεντε
1089 1738 1205 1816 τούτω,

445 1839 494 1906 οῐν
517 1843 774 1926 μεταλαμβάνων
798 1842 849 1906 ἀεὶ
873 1842 1018 1929 θότερον
1041 1840 1201 1922 ἐξελαύνειν

445 1948 491 2025 εἰς
515 1949 637 2034 ἀγοράν
647 1949 679 2033 1).
713 1947 778 2014 ἐκεῖ
803 1942 831 2012 δ’
856 1947 992 2014 ἕπειόὰν
1015 1947 1137 2012 κατίόω
1161 1943 1222 2012 τιν’
1247 1946 1349 2033 ἄνδρα

449 2055 579 2140 ἠλίθιον
604 2055 809 2118 πλουτοῦντα
834 2055 872 2137 ό),
898 2056 999 2132 εὐθὺς
1022 2057 1101 2141 περὶ
1124 2061 1239 2124 τοῦτον
1264 2053 1339 2136 εἰμι’.

445 2162 503 2226 κόν
527 2187 559 2225 τι
582 2165 661 2248 τύχῃ
686 2163 788 2245 λόχων
813 2161 829 2225 ὁ
855 2163 1013 2244 πλούταξ,
1038 2166 1125 2226 πάνυ
1149 2163 1234 2226 τοῦτ’
1262 2159 1420 2248 ἓπαινῶλ)

446 2269 500 2332 καὶ
524 2269 795 2354 καταπλήττομαι
820 2268 923 2332 όοκιῖιν
946 2280 1032 2333 τοῖσι
1056 2269 1180 2352 λόγοισι
1204 2271 1345 2353 χαίρειν·

446 2369 504 2439 εἶτ’
529 2372 586 2439 ἐπὶ
611 2375 746 2439 δεῖπνον
770 2369 945 2461 ἐρχόμεσθ’
971 2374 1102 2452 ἄλλυδις
1126 2375 1223 2451 ἄλλος
1248 2375 1336 2458 ἡμῶν

446 2481 553 2565 μᾶζαν
578 2476 631 2547 ἐπ’
657 2482 851 2568 ἀλλόφυλον,
878 2477 914 2545 οὗ
939 2481 989 2546 risi
1011 2486 1165 2568 χαρίεντα
1190 2481 1298 2545 πολλὰ

447 2587 503 2652 τὸν
526 2584 635 2652 κόλακ’
661 2589 788 2666 εὐθέως
810 2588 957 2675 λέγεινδ),
983 2587 1001 2670 ἢ
1025 2585 1193 2675 ’κφέρεται
1217 2587 1358 2674 θύραζε·

448 2689 522 2758 οἷόα
546 2689 574 2758 ‹i'
598 2690 754 2781 ²Aae'ouop'
779 2694 857 2759 αὐτὸ
882 2694 938 2759 τὸν
962 2700 1153 2779 στιγματίαν
1178 2695 1353 2763 παθόντα·

450 2813 586 2884 σκῶμμα
610 2802 671 2887 γὰρ
696 2796 763 2865 εἶπ’
789 2801 929 2886 ἀσελγές,
955 2795 1013 2865 εἶτ’
1039 2800 1136 2865 αὐτὸν
1160 2799 1183 2865 ὁ
1202 2812 1283 2878 παῖς
1306 2800 1440 2887 θύραζεΙ

416 2959 418 2963 .
448 2905 614 2990 ἐξαγαγὼν
638 2906 754 2988 ἔχοντα
777 2907 887 2972 κλοιὸν
911 2908 1102 2993 παρέδωκεν
1129 2906 1222 2972 Οἰνεῖ.

340 3106 499 3202 furantur
542 3123 666 3184 quoque
713 3105 859 3187 parasiti,
905 3109 939 3168 ut
982 3125 1048 3168 mos
1093 3111 1140 3168 est
1182 3105 1307 3168 illorum
1353 3104 1512 3168 hominum

343 3211 391 3291 (fr.
418 3215 478 3299 155
494 3211 558 3295 K.):
1574 3210 1576 3214 ’

557 3365 714 3440 φοροῦσιν
738 3352 942 3439 ἁρπάζουσιν
966 3351 1000 3418 ἐκ
1023 3364 1081 3438 τῆς
1104 3351 1209 3429 οἰκίας

559 3458 596 3522 τὸ
620 3463 751 3545 χρυσίον
775 3459 933 3545 τάρχύρια
958 3463 1149 3545 πορθεῑται.

435 3727 455 3793 ¹)
475 3724 629 3778 Parasitum
653 3726 681 3779 in
704 3726 764 3780 foro
789 3726 925 3781 hominem
946 3725 1068 3791 divitem,
1097 3725 1191 3793 quise
1214 3727 1278 3791 alat,
1308 3725 1514 3793 sibiquaarere,

345 3813 454 3880 saepius
473 3813 501 3868 in
522 3814 669 3869 comoediis
687 3814 835 3881 invenitur,
861 3821 891 3868 ut
914 3815 987 3882 apud
1009 3814 1247 3884 Ameipsiam
1269 3815 1297 3868 in
1320 3814 1420 3880 fabula,
1444 3829 1515 3881 quae

345 3903 426 3959 inser.
445 3905 724 3970 Ἀποκοτταβίζοντες
742 3904 776 3958 fr.
797 3905 863 3959 lK:

701 4029 753 4098 ἐγὼ
774 4025 796 4079 δ’
816 4031 868 4079 ἰὼν
886 4034 1050 4098 πειράσομαι

702 4118 727 4172 ἐς
745 4120 796 4182 τὴν
814 4120 918 4186 ἀγορὰν
937 4119 1018 4187 ἔργον
1036 4115 1136 4183 λαβεῖν.

347 4242 400 4307 (De
418 4257 484 4296 vooe
503 4243 584 4312 ἔργον
603 4242 636 4296 of.
656 4257 725 4309 quae
744 4241 816 4294 infra
833 4241 860 4294 iu
879 4240 1011 4309 fine-cap.
1031 4243 1071 4295 IV
1091 4241 1278 4307 disserentur.)

436 4340 457 4406 2)
477 4339 510 4392 Id
529 4354 636 4415 quoque
659 4338 775 4407 parasiti
795 4345 837 4392 est
860 4338 984 4406 plurimis
1007 4339 1035 4392 in
1060 4338 1205 4392 comoediis
1229 4342 1261 4391 ut
1284 4337 1402 4406 exempli
1426 4335 1516 4406 gratia

345 4428 373 4482 in
392 4427 618 4495 Epicharmi
640 4427 741 4492 fabula,
762 4426 804 4480 oui
822 4443 920 4481 nomen
940 4433 983 4481 ast
1000 4424 1089 4481 Ἐλπὶς
1107 4430 1123 4492 ἢ
1141 4425 1273 4480 Πλοῦτος.

437 4525 457 4590 ³)
478 4523 518 4579 ef.
538 4525 651 4592 exempl.
671 4541 712 4593 gr.
732 4524 817 4578 verba
834 4523 1010 4592 Aloiphr.
1030 4523 1076 4577 III
1095 4525 1137 4577 56.
