3590 5490
898 521 1094 580 -6..

410 693 513 770 Quam
537 712 603 757 rem
630 701 704 777 peto
734 697 767 756 ut
790 694 901 776 paucis
924 693 1000 757 mihi
1024 693 1120 758 liceat
1143 699 1292 774 tractare;
1327 693 1408 758 ultro
1433 693 1515 759 enim
1540 696 1578 758 ad

409 800 449 880 id,
474 801 558 880 quod
581 801 671 865 nobis
695 800 889 882 propositum
913 804 989 880 erat,
1012 799 1193 864 referemur.

498 907 645 970 Ulixis
669 907 841 990 praecipue
860 926 1028 988 personam
1044 906 1146 989 poetis
1164 905 1291 970 comicis
1307 905 1471 970 materiam
1487 926 1578 988 prae·

408 1012 516 1076 bnisse
533 1018 674 1095 apparet,
695 1018 728 1076 ut
744 1019 829 1078 recte
846 1012 997 1077 iudicavit
1013 1013 1075 1076 We
1087 1012 1096 1074 l
1108 1013 1211 1075 cker
1234 1012 1276 1091 (in
1294 1012 1382 1092 libro,
1400 1011 1449 1076 oui
1466 1032 1578 1077 nomen

409 1122 457 1182 est
478 1119 564 1196 „Der
580 1119 707 1200 episohe
725 1117 872 1201 dycluse,
892 1119 940 1183 ed.
957 1119 1087 1182 Bonnae
1106 1122 1190 1182 1835
1214 1117 1245 1180 in
1262 1123 1335 1182 tom.
1351 1118 1382 1180 Π
1405 1138 1476 1201 pag.
1495 1123 1578 1198 216),

409 1245 478 1288 oum
496 1225 585 1289 dicit:
611 1225 711 1304 „Sehr
727 1224 885 1288 natdrlich
901 1225 941 1289 ist
957 1243 1000 1305 es,
1024 1223 1086 1287 dall
1103 1245 1143 1287 an
1160 1224 1220 1287 den
1236 1223 1360 1287 Helden
1377 1224 1434 1287 der
1450 1225 1578 1307 Kriegs-

408 1331 501 1397 listen
535 1332 602 1395 sich
634 1331 812 1395 Heiterkeit
844 1332 908 1394 ond
941 1330 1137 1395 schernhaite
1163 1330 1273 1394 Lanne
1307 1330 1367 1394 wie
1400 1349 1452 1394 um
1486 1331 1578 1395 einen

407 1438 612 1520 Mittelpunkt
635 1438 798 1519 dr'angten,
823 1436 884 1502 dall
907 1437 1070 1519 Odysseus
1093 1436 1218 1501 dherall
1241 1437 1361 1518 Humor
1383 1438 1416 1500 in
1441 1437 1497 1501 der
1520 1438 1579 1502 Be-

408 1543 571 1626 handlung
594 1544 651 1608 der
667 1544 876 1608 Gesohiohten
902 1550 1032 1626 anregte
1055 1543 1120 1606 und
1145 1543 1202 1606 das
1225 1543 1424 1624 Ergbtnliohe
1448 1544 1515 1608 sich
1539 1565 1579 1608 an

409 1651 517 1714 seinen
541 1651 663 1715 Nomen
693 1651 837 1733 htingte,“
874 1657 905 1714 et
933 1671 1005 1732 pag.
1030 1654 1093 1712 878
1118 1649 1157 1713 de
1181 1649 1292 1713 eodem
1316 1649 1405 1713 dicit:
1440 1699 1455 1730 ,‚
1475 1670 1580 1717 ...es

408 1762 514 1820 verrat
538 1757 605 1822 sich
628 1757 698 1820 hier
721 1756 784 1820 und
809 1756 851 1819 da
874 1757 924 1820 ein
949 1757 1095 1836 heiterer,
1120 1755 1190 1820 dern
1219 1756 1482 1820 Komisohen
1511 1777 1579 1820 rer-

409 1863 552 1928 wandter
576 1862 717 1945 Sinn¹)“.
741 1901 785 1910 —
809 1862 939 1927 Constat
963 1863 1267 1945 Epicharmum
1291 1868 1510 1944 argumentum
1533 1865 1580 1925 la-

410 1970 512 2049 bulae,
541 1990 623 2051 quae
647 1970 829 2033 inscribitur
850 1962 1011 2043 Ὀδυσσεὺς
1036 1967 1225 2048 αὐτομόλος,
1251 1969 1423 2051 sumpsisse
1448 1989 1488 2033 ex
1512 1989 1579 2034 car-

409 2077 501 2157 mine,
526 2078 576 2141 cui
600 2097 713 2142 nomen
738 2083 786 2140 est
807 2070 901 2139 Ἰλίου
924 2080 1049 2162 πέροις.
1097 2075 1216 2155 Ulixes
1250 2095 1321 2138 cum
1344 2075 1451 2138 multis
1476 2065 1580 2158 plagis

410 2202 445 2247 se
468 2183 650 2266 lacerasset,
682 2181 851 2266 mendicil)
880 2183 991 2246 habitu
1023 2182 1150 2245 indutus
1184 2181 1371 2263 explorandi
1404 2202 1501 2246 causa
1533 2182 1579 2246 in·

409 2309 537 2369 gressus
562 2294 611 2353 est
633 2289 775 2370 Troiam,
799 2289 853 2352 ubi
877 2308 947 2352 oum
972 2290 1012 2352 ab
1028 2288 1152 2352 Helena
1175 2288 1301 2369 agnitus
1325 2289 1580 2370 interrogaretur,

409 2396 543 2477 primunr
568 2397 772 2461 callidissime
795 2396 931 2460 fallaciis
955 2395 1192 2475 mendaciisque
1216 2414 1250 2458 se
1275 2394 1399 2458 Ulixem
1424 2414 1494 2459 esse
1519 2395 1580 2458 dis·

410 2502 588 2584 simulabat,
621 2508 716 2583 atque
740 2503 863 2567 Helena
891 2523 925 2567 se
955 2503 1002 2566 illi
1025 2502 1154 2566 Troiam
1186 2501 1383 2584 prodituram
1411 2521 1481 2566 esse
1513 2502 1580 2584 pol-

410 2608 531 2674 licetur.
559 2648 597 2656 -
623 2609 713 2686 Quae
737 2610 877 2674 imitatus
901 2617 949 2674 est
974 2610 1194 2693 Epicharmus:
1224 2615 1254 2671 et
1279 2614 1312 2671 ut
1335 2607 1398 2687 ille,
1427 2608 1473 2671 ita
1497 2609 1579 2691 apud

411 2716 490 2780 alios
515 2736 640 2797 qnoque
664 2723 774 2800 poetas
799 2718 934 2781 comicos
958 2716 1061 2780 Ulixis
1085 2736 1221 2799 persona
1244 2715 1410 2797 invenitur,
1439 2721 1474 2778 ut
1497 2716 1581 2797 apud

411 2821 581 2904 Cratinum,
618 2822 784 2904 Eubulum,
819 2823 1074 2904 Anaxandriden,
1109 2822 1224 2886 Alexin
1261 2822 1412 2902 aliosque.
1450 2861 1484 2868 —
1520 2823 1581 2886 lm-

409 2929 519 3012 primis
544 2931 684 2994 carmina
707 2931 836 3011 minora,
861 2950 943 3011 quae
960 2937 1122 3009 vocantur,
1146 2929 1407 2993 ridiculosissima
1429 2928 1527 2993 inisse
1552 2934 1582 2993 et

501 3125 521 3192 ¹)
542 3125 581 3178 Ol.
603 3139 671 3191 quae
690 3125 838 3192 explicavit
856 3124 1065 3179 Dietcrich
1085 3124 1251 3191 (Polciuelle
1270 3139 1333 3192 pag.
1351 3123 1405 3190 63).
1443 3123 1483 3176 De
1503 3123 1582 3178 Ulixe

411 3213 512 3266 comico
526 3222 655 3282 egerimt:
674 3215 692 3268 J
703 3214 755 3269 oh.
776 3213 969 3280 Schmidt,
989 3213 1080 3268 Ulixes
1093 3210 1325 3278 Posthomerions,
1345 3227 1409 3278 pars
1422 3210 1445 3265 1.
1464 3210 1581 3266 Dissert.

410 3301 524 3372 Leipzig
545 3303 621 3359 1885.
658 3319 720 3372 pars
740 3303 777 3356 H.
797 3302 824 3355 in
844 3308 1018 3357 commentat.
1038 3301 1212 3356 Ribbeckian.
1235 3301 1302 3352 1888
1321 3316 1384 3368 pag.
1405 3301 1454 3351 101
1469 3315 1528 3368 sqq.
1548 3331 1582 3338 —

410 3391 500 3445 Idem:
532 3391 623 3446 Ulixes
653 3391 788 3456 Comicus,
818 3391 915 3446 Jahrb.
935 3391 1028 3459 Suppl.
1049 3391 1117 3441 1888
1145 3405 1208 3457 pag.
1228 3389 1351 3456 361sqq.
1388 3387 1580 3453 Ribbeck,

410 3479 452 3534 De
471 3479 560 3534 Ulixis
579 3480 606 3533 in
625 3479 724 3535 fabulis
745 3479 843 3548 satyris
862 3495 986 3548 persona,
1005 3480 1023 3531 l.
1044 3496 1065 3531 c.
1085 3494 1148 3546 pag.
1168 3479 1202 3529 99
1214 3493 1273 3544 sqq.

501 3587 521 3654 ²)
541 3586 602 3641 Non
625 3602 686 3640 raro
709 3585 837 3640 mendicis
861 3584 916 3638 illis
940 3583 1058 3652 antiquis
1081 3583 1249 3652 temporibus
1274 3581 1423 3638 similitudo
1448 3582 1582 3650 quaedam

412 3679 454 3728 est
476 3675 666 3743 parasitorum,
694 3680 726 3729 ut
745 3674 817 3742 apud
837 3672 967 3727 Auium
991 3675 1044 3741 (ap.
1064 3674 1163 3728 Athen.
1183 3671 1228 3725 ΠΙ
1248 3672 1298 3722 125
1310 3672 1347 3738 Ι);
1377 3671 1411 3726 cl.
1431 3671 1582 3738 Dieterich,

411 3763 570 3828 Pulcinella‚
591 3779 655 3832 pag.
676 3763 733 3830 37):

650 3886 742 3950 χιολόι,
763 3891 926 3954 στιγματίης,
947 3885 1113 3956 πολυγήραος,
1133 3884 1203 3940 loos
1221 3883 1323 3949 ἀλήτῃ

650 3975 738 4041 ἦλθεν
756 3973 967 4036 κνισοκόλαξ,
988 3975 1048 4026 adra
1069 3973 1158 4040 Μέλης
1177 3975 1269 4043 ἐγάμει

652 4064 772 4130 ἄκλητος,
794 4067 888 4132 ζωμοῦ
901 4069 1063 4132 κεχρήμενοι·
1081 4061 1137 4114 κτλ.

502 4209 536 4260 Et
555 4207 628 4276 apud
647 4207 911 4275 Antiphonem
931 4207 963 4262 fr.
977 4205 1007 4260 II
1028 4205 1116 4260 119Κ
1136 4204 1202 4259 dicit
1220 4204 1368 4273 parasitus:

651 4337 678 4384 τί
697 4338 762 4402 qviq·
780 4328 876 4383 ἐνθάδ’
897 4335 1038 4385 ...odoras
1056 4351 1083 4381 τι
1101 4342 1267 4398 καταφαγεῖν

652 4424 696 4473 ἐπὶ
715 4425 765 4487 τὴν
783 4421 884 4490 θύραν,
904 4420 957 4471 εἶθ)
975 4411 1072 4489 1ὥσπερ
1092 4423 1117 4471 ολ
1137 4422 1264 4481 πτωχοὶ
1282 4423 1363 4483 χαμαὶ

653 4509 748 4562 ἐνθάδ’
769 4509 865 4576 idolum
884 4509 939 4561 κτλ.
