3590 5490
890 519 1088 578 ,4-

404 693 584 777 superbiam
602 693 670 757 eins
687 698 719 757 et
734 693 882 756 adulatur
898 699 929 756 et
945 690 1093 757 ludificat.
1127 691 1223 756 Recte
1240 691 1323 755 enim
1340 692 1417 756 mihi
1432 691 1575 755 Ribbeck

404 800 437 881 (l.
450 819 475 865 c.
491 819 563 882 pag.
578 799 633 884 21)
657 799 798 863 iudicare
814 799 945 877 videtur,
971 818 1041 862 cum
1066 798 1149 878 dicit,
1174 797 1205 860 in
1222 797 1394 863 comoediis
1410 795 1574 861 Menandri

405 907 570 971 colaoem
603 905 711 969 militis
744 905 875 987 gloriosi
908 905 1105 969 adulatorem
1130 923 1199 968 asse
1223 903 1335 984 solere,
1363 904 1573 987 parasitum

404 1011 538 1076 hominis
563 1011 721 1095 privatis).

496 1259 515 1325 ¹)
534 1256 630 1312 Liceat
652 1257 720 1318 mihi
744 1257 806 1312 huic
826 1255 909 1326 capiti
930 1271 1016 1326 pauca
1035 1257 1134 1311 addere
1154 1258 1187 1312 de
1205 1257 1343 1312 nonnullis
1362 1255 1482 1322 vocibus,
1508 1272 1576 1325 quaa

404 1347 476 1402 idem
500 1348 558 1402 iere
580 1348 676 1402 valent
699 1359 736 1401 ac·
753 1363 806 1402 vox
834 1353 991 1416 παράσιτος,
1019 1352 1051 1401 11
1069 1347 1103 1402 de
1125 1361 1191 1402 voce
1210 1348 1345 1402 όιιιοίτιος.
1384 1346 1575 1400 Athenaeus

398 1433 459 1503 ¹(VI
487 1437 551 1504 246)
583 1435 702 1504 explicat
729 1435 867 1490 notionem
890 1436 965 1490 vocis
993 1437 1112 1490 ἐπίσιτοσ
1134 1436 1178 1490 vel
1203 1435 1344 1490 ίπισίτιοςε
1373 1435 1498 1486 ἐπισίτιοι
1525 1437 1576 1501 γὰρ

405 1523 552 1576 καλοῦνται
581 1527 607 1574 ol
635 1525 679 1575 ἐπὶ
707 1537 821 1593 τροᾳαῖς
845 1528 1054 1594 ὑπουργοῦντες.
1107 1523 1185 1592 Quod
1212 1539 1298 1594 genus
1326 1524 1508 1592 parasitorum
1535 1521 1576 1576 111-

404 1613 516 1669 venitur
540 1613 657 1682 exempli
684 1612 777 1682 gratia
804 1612 1075 1668 in'Pherecratis
1105 1613 1251 1678 comoedia,
1281 1628 1349 1682 quac
1376 1611 1511 1680 inscripta
1533 1617 1577 1666 est

355 1745 356 1750 ,
405 1704 489 1773 Γρᾶες
508 1703 552 1762 (fr.
572 1701 667 1769 32Κ);
696 1697 860 1752 1111111
881 1701 993 1754 θᾶσσον
1014 1701 1178 1769 Σμικυθίων
1197 1703 1357 1753 ἐπισιτιεῖ
1380 1699 1437 1752 κτλ.
1474 1699 1576 1754 Athe·

404 1806 506 1845 naeus
535 1791 586 1857 (VI
609 1791 705 1858 alth)
733 1789 810 1845 addit
836 1791 933 1846 verba:
968 1799 1045 1856 κοινῇ
1078 1788 1107 1842 δὲ
1140 1789 1210 1858 περί
1233 1795 1430 1858 παρασίτων
1458 1793 1577 1860 εἰρήκασι

409 1877 540 1945 Τιμοκλῆς
559 1879 594 1930 ἐν’
606 1881 710 1944 Πύκτῃ,
735 1879 919 1934 ἐπισιτίους
937 1878 1028 1930 καλῶν
1049 1884 1156 1938 αὐτούς,
1180 1879 1298 1934 otidum
1318 1881 1368 1946 (Vl
1388 1879 1479 1947 24711)
1499 1876 1575 1932 didit:

405 1977 447 2032 τῷ
471 1966 501 2020 δὲ
527 1973 713 2038 παράσιτος
736 1970 820 2034 ὅμοιά
843 1969 917 2019 ἐστιν
941 1973 1066 2035 ὀνόματα
1094 1970 1244 2024 ἐπίσιτος
1266 2007 1272 2020 .
1291 2007 1322 2019 ..
1345 1968 1401 2020 κτλ.
1439 1969 1494 2037 (Oi.
1514 1969 1576 2022 Pol-

406 2057 473 2110 lucis
491 2058 575 2111 verba
588 2056 629 2109 VI
642 2056 713 2124 123.)
733 2087 766 2097 -
786 2058 967 2112 Inveniuntur
986 2057 1071 2126 igitur
1090 2058 1162 2126 apud
1180 2058 1360 2113 Timcclcm
1378 2059 1423 2126 (ir,
1436 2057 1467 2112 ΙΙ
1479 2058 1576 2124 41411,

405 2145 435 2199 ΙΙ
454 2146 506 2199 456
516 2145 554 2212 K)
573 2151 602 2198 et
620 2145 790 2199 Cretatam
811 2145 854 2212 (fr,
873 2146 888 2198 I
909 2147 959 2197 140
969 2145 1007 2214 Κ)
1027 2146 1138 2215 parasiti
1158 2146 1208 2214 illi,
1229 2147 1274 2222 qui
1294 2148 1419 2199 ἐπισίτιοι
1436 2155 1576 2212 vocantur,

406 2248 558 2299 nomenque
586 2237 751 2301 acceperunt
778 2233 901 2288 homines
920 2234 961 2288 illi
981 2251 997 2288 a
1014 2249 1134 2302 munere,
1162 2251 1214 2303 quo
1234 2236 1432 2304 iungebantur:
1461 2235 1489 2290 in
1517 2236 1576 2290 foro

406 2323 541 2386 emebant,
560 2337 747 2390 quaecumque
767 2323 800 2375 cd
820 2322 973 2377 convivium
994 2339 1143 2392 cenamque
1161 2340 1228 2392 opus
1249 2330 1320 2380 sunt.

494 2409 726 2477 βωμολόχος
752 2428 866 2479 quoque,
887 2411 1074 2479 1111111111,
1094 2413 1211 2481 antiquis
1230 2413 1398 2482 temporibus
1418 2413 1515 2468 similis
1535 2421 1577 2468 est

405 2499 535 2568 parasito.
573 2498 662 2553 Velim
681 2500 804 2554 conferas
828 2500 913 2555 schol.
933 2500 976 2555 ad.
995 2501 1079 2555 Arist.
1099 2518 1156 2556 ran.
1175 2520 1201 2557 v.
1221 2501 1285 2556 357:
1318 2541 1324 2553 .
1348 2541 1354 2553 .
1378 2541 1384 2554 .
1407 2502 1578 2570 βωμολόχοις

407 2585 437 2639 δὲ
464 2600 521 2641 τοῖς
548 2591 644 2657 πρὸς
670 2593 785 2658 χάριν
811 2587 936 2658 λέγουσιν
964 2594 1007 2641 καὶ
1034 2594 1090 2642 ἀπὸ
1118 2589 1334 2646 κολακείας.
1376 2595 1433 2644 ἀπὸ
1462 2589 1492 2644 δὲ
1519 2602 1578 2642 τῶν

406 2675 556 2740 λοχώντων
573 2680 635 2746 περὶ
654 2683 718 2732 τοὺς
735 2683 1116 2744 prounde-..praeeminemus
1134 2683 1150 2746 ὴ
1169 2678 1242 2740 λέξις.
1281 2679 1360 2732 οὗτοι
1385 2686 1437 2752 γὰρ
1457 2683 1578 2732 ἐπὶτῶν

406 2771 514 2831 βωμῶν
544 2762 632 2816 πολλὰ
662 2763 825 2835 λιπαροῦσιν
855 2764 1145 2823 κολακεύοντες
1178 2767 1272 2834 λαβεῖν
1295 2789 1322 2821 τι
1349 2781 1408 2821 τῶν
1434 2769 1577 2821 θυόντων.

407 2853 510 2922 Quibus
529 2869 563 2908 ex
581 2852 670 2907 verbis
691 2841 802 2922 antiqua
819 2854 868 2908 illa
886 2855 961 2910 vocis
979 2855 1140 2922 βωμολόχος
1157 2857 1231 2911 notio
1252 2857 1380 2927 cognosci
1399 2864 1496 2927 potest.

427 3001 429 3006 y
497 2941 549 3008 Qui
576 2941 707 3008 homines,
737 2939 759 2996 si
787 2943 910 2998 convivio
934 2943 1066 2999 interesse
1093 2945 1201 3012 licebat,
1230 2947 1372 3001 solvebant
1400 2947 1479 3015 quasi
1503 2949 1576 3004 debi-

406 3035 474 3096 tum,
494 3045 558 3084 ‘cum
577 3029 693 3084 ludibrio
713 3035 806 3086 essent
824 3031 948 3086 convivis
968 3033 1190 3101 delectarentque
1209 3035 1313 3091 animos
1333 3051 1433 3091 aarum.
1467 3038 1526 3104 Qua
1545 3037 1577 3092 de

408 3133 491 3174 111111
512 3117 671 3184 βωμολοχία
693 3119 766 3188 apud
790 3121 1027 3190 Hesychium
1054 3131 1096 3176 est
1117 3127 1195 3192 γένος
1217 3122 1355 3180 κολακείας
1378 3130 1512 3196 φορτικὸν
1534 3133 1578 3178 καὶ

406 3206 691 3276 γελωτοποιόν.
711 3240 745 3248 -
764 3208 925 3276 βωμολόχος
943 3210 990 3266 ille
1015 3228 1099 3281 prope
1121 3213 1577 3284 11681111111111111611101111

407 3297 603 3365 procacitatem
616 3297 758 3366 uulgarem
777 3304 806 3353 et
824 3297 999 3354 dicacitatem
1018 3302 1152 3368 quandam
1172 3318 1205 3356 ex
1223 3302 1331 3358 infimae
1350 3303 1437 3372 plebis
1456 3304 1576 3359 moribus

399 3384 522 3454 petitam
546 3384 686 3453 oppositus
711 3391 754 3440 est
776 3390 896 3458 ἀγροίκῳ
920 3389 992 3457 apud
1014 3389 1273 3445 Plutarchum
1301 3390 1329 3445 in
1356 3393 1435 3460 libro,
1465 3393 1511 3462 qui
1538 3393 1577 3447 in-

408 3471 538 3527 scribitur
560 3483 619 3527 πῶς
641 3477 676 3525 ἄν
696 3493 736 3528 τις
764 3472 849 3544 ὃιακρ.
869 3475 925 3528 κτλ.
946 3479 1021 3546 (pag.
1042 3478 1123 3547 660):
1151 3517 1158 3528 .
1181 3516 1187 3528 .
1211 3517 1217 3528 .
1240 3483 1334 3549 ὥσπερ
1360 3481 1426 3532 ἔνιοι
1449 3479 1578 3534 δοκοῦσιν

408 3560 596 3627 αἰσχυντηλίαν
612 3565 665 3628 μὲν
682 3565 821 3629 αίσχυντία
839 3573 955 3634 φεύγειν,
976 3569 1117 3636 ἀγροικίαν
1131 3564 1161 3618 δὲ
1177 3567 1343 3634 βωμολοχίᾳ.
1381 3571 1434 3638 (Cf.
1455 3573 1576 3638 Koek,

408 3649 452 3705 ad.
471 3650 556 3706 111111.
574 3651 644 3719 Eqn.
663 3653 736 3720 902.)

488 3739 738 3801 Ικνισοκόλιιξ
768 3757 874 3810 quoque
902 3744 946 3796 vel
976 3743 1216 3813 ψωμοκόλαξ
1246 3747 1381 3813 parasitus
1413 3750 1577 3818 appellatur,

409 3827 506 3896 quibus
525 3829 637 3884 vocibus
660 3830 780 3885 adulatio
799 3832 908 3885 illorum
936 3833 1072 3888 bominum
1103 3833 1280 3902 significatur.
1318 3837 1479 3899 κνισοκόλαξ
1506 3839 1577 3894 idem

410 3923 452 3971 cet
470 3933 502 3970 ac
521 3923 670 3986 capuanos
689 3920 806 3989 exempli
834 3920 925 3988 gratia
952 3922 1024 3989 apud
1050 3923 1181 3977 Auium
1210 3927 1263 3992 (sp.
1284 3925 1386 3980 Athen.
1406 3925 1451 3980 111
1471 3927 1520 3980 125
1533 3927 1577 3997 D),

409 4005 611 4074 Sophilnm
630 4008 674 4075 (ir.
694 4007 851 4076 ΙΙ446Κ),
876 4009 1080 4077 Diphilum
1100 4013 1143 4078 (ir.
1163 4011 1319 4082 11284Κ).
