3590 5490
802 447 1024 556 ..12⁵-

416 668 459 736 Ut
487 667 519 734 in
547 667 658 734 iabnla
686 667 737 732 oui
763 687 878 734 nomen
907 673 956 734 ost
978 661 1112 747 Ἱππεῑς,
1145 667 1191 734 ita
1218 667 1441 750 multomagis
1469 669 1501 736 in

328 772 501 856 oomoedia,
533 793 615 854 quae
638 773 819 842 inscribitur
843 781 1005 858 Σφῆκες,
1037 773 1149 840 irridet
1171 773 1400 856 Aristophanes
1424 773 1500 840 adu·

328 879 478 946 lationem
495 885 728 946 assentatorum
744 879 869 946 illorum
890 879 1002 964 plebis.
1047 881 1084 946 In
1100 881 1160 948 hao
1177 879 1342 948 comoedis
1357 879 1501 948 Theanus

328 985 455 1066 qnidam
495 985 655 1069 parasitus
691 985 831 1066 Cleonis,
870 985 946 1053 Eleo
981 987 1050 1070 ipse
1080 986 1248 1070 parasitus
1283 986 1377 1052 Demi
1412 990 1460 1054 est
1468 984 1501 1070 1)

329 1087 480 1170 Queritur
503 1089 618 1160 ehorns
641 1093 786 1160 versibus
812 1097 874 1158 683
886 1113 945 1182 so:

327 1251 363 1314 οὐ
401 1248 464 1337 γάρ
487 1248 609 1337 μεγάλη
635 1250 765 1315 (λοολεία
799 1245 882 1314 ’στιν
904 1249 1039 1332 τούτους
1061 1251 1120 1333 μὲν
1143 1251 1295 1328 ἅπαντας
1319 1247 1351 1314 ἓν
1384 1244 1501 1337 ἀρχαῖς

329 1354 446 1434 αὐτούς
466 1351 496 1421 τ’
513 1351 598 1421 εἶναι
619 1357 673 1420 καὶ
694 1358 770 1434 τοὺς
789 1354 930 1434 κόλακας
945 1359 1021 1434 τοὺς
1045 1361 1169 1422 τούτων
1195 1361 1497 1443 μισθοφοροῦντας.
1603 1382 1608 1394 ·

371 1536 515 1600 Theorus
540 1536 670 1622 nomine
691 1556 816 1620 quoqne
841 1535 1015 1602 adulatoris
1039 1536 1220 1622 appellatur
1243 1557 1291 1602 vv.
1315 1513 1451 1618 Ahsq‘qn

378 1743 381 1750 .
488 1691 593 1758 ἐδόκει
618 1693 655 1758 δέ
676 1718 733 1777 μοι
760 1700 888 1781 θέωρος
911 1694 1010 1781 αὐτῆς
1033 1695 1172 1781 πλήσιον
1240 1723 1243 1732 ·

487 1801 607 1884 χαμαὶ
631 1801 881 1888 radpodum),
906 1799 964 1888 τὴν
987 1799 1131 1888 κεφαλὴν
1155 1798 1325 1888 κόρακος
1347 1800 1440 1882 ἔχων.

490 1901 549 1972 εἶτ’
572 1902 771 1994 Ἀλκιβιάδης
794 1903 868 1972 εἷκε
892 1907 978 1993 πρός
1000 1929 1040 1991 με
1063 1903 1252 1992 τραυλίσας·

488 2012 578 2100 ὁλᾷς;
606 2015 731 2091 θίωλος
753 2012 811 2101 τὴν
835 2011 980 2101 κεφαλὴν
1002 2012 1167 2092 κόλακος
1190 2012 1300 2100 ἔχει’).

415 2193 485 2258 Huo
509 2194 738 2277 pertinent-ea,
762 2213 854 2274 -quae
883 2199 1166 2259 oommamorautur
1194 2195 1234 2256 ab
1268 2193 1499 2258 ‘Aristotele'

329 2301 374 2385 (in
408 2300 488 2366 libro
522 2301 573 2364 oui
606 2320 719 2368 nomen
754 2307 803 2366 est
834 2301 1000 2383 physiogn.
1037 2304 1099 2363 811
1121 2301 1160 2384 Β)
1195 2307 1226 2364 et
1262 2319 1282 2362 a
1318 2298 1500 2364 Polluoe

329 2407 383 2487 (IV
411 2407 495 2488 148),
520 2407 559 2471 de
584 2408 698 2488 quibus
721 2407 803 2472 inira
826 2408 858 2472 in
883 2407 985 2490 eapite
1009 2407 1052 2468 IV
1076 2412 1195 2488 agetur.

419 2622 694 2704 Ταγηνισταί
726 2619 878 2701 inseripta
910 2626 977 2684 erat
1009 2619 1119 2682 fabula
1151 2620 1383 2701 Aristophanis,
1417 2639 1499 2700 quae

329 2726 506 2808 eomparari
521 2731 626 2808 potest
642 2746 712 2789 oum
725 2725 888 2790 comoedia
900 2726 1073 2809 Eupolidis,
1091 2727 1142 2790 uui
1157 2744 1271 2790 nomeu
1288 2730 1336 2790 est
1345 2721 1498 2800 Κόλακες.

326 2832 425 2896 iidem
464 2832 607 2896 homiues
642 2833 832 2916 ταγηνισταί
870 2832 917 2895 1111
951 2831 1097 2896 videntur
1132 2851 1216 2912 esse,
1255 2851 1333 2912 qnos
1369 2830 1500 2914 Eupolis

328 2937 377 3021 (ir.
398 2938 516 3022 351K)
549 2936 626 3012 τοὺς
657 2936 736 3022 περὶ
768 2933 906 3024 τάγηνον
940 2937 1056 3021 φίλους
1089 2933 1405 3022 νοοο1.ταγηνιοτάς
1428 2937 1499 3000 illos

326 3044 483 3126 parasitos
512 3064 583 3108 esse
616 3044 758 3126 intellegi
791 3049 895 3126 potest
923 3063 962 3108 ex
985 3045 1090 3109 verbis
1113 3043 1348 3110 Plutarchi
1377 3044 1422 3124 (iu
1446 3043 1499 3108 lib.

328 3151 378 3213 uui
402 3171 430 3212 n.
447 3170 473 3216 e.
491 3150 597 3216 moral.
619 3171 690 3232 pag.
709 3151 805 3231 54b):
838 3161 903 3212 τῶν
927 3149 1004 3234 περὶ
1028 3146 1166 3236 τάγηνον
1190 3149 1242 3213 καὶ
1267 3143 1337 3231 μετ’
1367 3147 1500 3234 ἄριστον

328 3255 448 3340 φίλων·
477 3259 699 3341 παρασίτου
727 3253 789 3341 γὰρ
820 3253 836 3330 ὁ
864 3237 1224 3338 τοιοῦτοςλείκονισμός
1252 3253 1338 3320 ἐστιν
1365 3255 1431 3322 κτλ.
1456 3293 1500 3306 -

328 3362 399 3439 Qua
415 3363 455 3430 de
472 3383 570 3430 nausa
585 3363 662 3428 mihi
678 3363 804 3443 quidem
821 3383 1007 3445 persuasum
1024 3371 1079 3443 est,
1103 3365 1260 3446 parasitos
1284 3364 1316 3427 in
1337 3363 1500 3430 oomoedia

327 3470 384 3534 illa
399 3470 619 3551 Aristophanis
639 3469 745 3536 inisse.
778 3469 822 3534 xUt
839 3469 968 3550 Eupolis
986 3468 1107 3536 Calliae
1130 3470 1287 3536 luxuriam
1305 3475 1336 3533 et
1353 3489 1498 3550 magnam

417 3665 438 3729 1)
457 3662 650 3727 Ribbeck,
674 3663 692 3717 1,
712 3678 734 3717 o.
754 3679 816 3730 pag.
838 3664 870 3713 10
890 3679 953 3716 anu.
975 3662 998 3713 1.

417 3752 438 3817 2)
458 3750 487 3804 ls
512 3765 619 3818 quoque
642 3766 700 3802 mos
724 3755 766 3803 est
789 3750 979 3817 parasitorum.
1018 3749 1107 3804 Velim
1132 3751 1263 3818 uouieras,
1292 3766 1361 3818 quae
1385 3749 1500 3805 tradidit

327 3838 569 3893 Posidonius
593 3841 648 3907 (ap.
667 3838 767 3894 Athon.
786 3837 831 3891 ΠΙ
852 3839 902 3890 152
911 3839 945 3906 E)
964 3840 998 3893 de
1016 3838 1138 3907 parasito
1160 3838 1235 3908 regis
1254 3839 1428 3907 Parthorum,
1453 3837 1499 3907 qui

328 3929 356 3982 in
376 3943 443 3982 cena
463 3928 629 3996 antepedes
650 3927 751 3981 domiui
770 3927 845 3980 homi
864 3929 965 3982 sedeat.

417 4017 438 4083 ³)
459 4016 617 4084 Comparari
644 4021 759 4084 possunt
785 4017 880 4082 verba,
910 4032 978 4085 quae
1006 4017 1073 4070 iacit
1099 4016 1290 4070 Palladas
1318 4017 1358 4084 (iu
1385 4017 1497 4070 Anthol.

327 4106 385 4158 Pal.
405 4106 445 4158 XI
464 4104 540 4173 323):

485 4213 536 4262 ‘Po
556 4216 600 4262 καὶ
618 4208 736 4277 Λάμβδα
754 4215 845 4276 μόνον
863 4215 1006 4280 κόρακας
1024 4209 1175 4262 κολάκων
1194 4208 1311 4280 διορίζει.

487 4299 586 4352 λοιπὸν
604 4304 690 4354 ταύτὸ
710 4300 794 4370 κόραξ
809 4297 973 4365 ,βωμολόχος
992 4321 1021 4352 τε
1039 4299 1122 4361 κόλαξ

487 4393 609 4444 τοῦνεκά,
622 4409 678 4455 μοι,
697 4387 830 4454 βέλτιστε,
850 4384 915 4441 τάδε
934 4390 1009 4450 ζῶον

488 4475 565 4532 εἰδὼς
584 4483 628 4528 καὶ
647 4481 763 4540 ζώντων
781 4483 845 4532 τοὺς
863 4475 977 4532 κόλακας
996 4483 1119 4546 κόρακας.
