3590 5490
896 559 1114 616 ..22-

505 732 573 794 Iam
597 732 674 796 satis
699 731 901 814 perspicuum
925 751 995 795 esse
1020 731 1164 796 existimo
1189 731 1306 814 optime
1328 733 1476 814 cognosci
1499 753 1592 815 posse

408 858 458 902 ex
490 838 597 902 Plauti
632 838 838 918 Terentiique
878 838 1049 902 comoediis
1088 839 1177 902 varia
1216 839 1427 921 parasitorum
1466 859 1592 920 genera.

418 944 489 1020 Qua
513 944 552 1008 de
577 964 767 1008 causacum
793 964 1013 1027 comparamus
1043 945 1124 1009 inter
1157 965 1192 1009 se
1216 945 1412 1026 singularum
1436 947 1591 1010 comoedi-

408 1071 506 1113 arum
530 1051 697 1134 parasitos,
729 1051 762 1113 in
794 1050 921 1132 fabulis,
955 1051 1069 1131 quibus
1101 1052 1230 1115 nomina
1262 1056 1334 1115 sunt
1358 1052 1538 1117 Stichus
1563 1059 1593 1116 et

418 1157 615 1239 Captivi,
649 1157 809 1237 antiquius
834 1157 912 1221 illud
936 1177 1036 1240 genus
1069 1158 1280 1241 parasitorum
1312 1158 1506 1240 invenimus,
1540 1160 1592 1238 qui

419 1264 603 1344 esurientes,
626 1269 802 1346 temporum
827 1264 1009 1343 iniquitates
1034 1269 1203 1344 querentes
1226 1265 1341 1328 iterum
1365 1269 1461 1345 atque
1480 1265 1592 1328 iterum

418 1390 533 1452 magno
558 1389 629 1433 oum
652 1369 769 1451 gaudio
794 1376 1007 1452 spectatorum
1030 1369 1149 1435 frustra
1173 1390 1283 1434 cenam
1307 1371 1368 1435 sibi
1392 1377 1511 1454 petunt.

506 1502 670 1566 Eiusmodi
690 1503 840 1585 parasitis
862 1503 999 1585 oppositi
1023 1507 1095 1566 sunt
1114 1504 1248 1585 parasiti
1271 1504 1327 1584 illi,
1356 1504 1411 1583 qui
1434 1525 1496 1568 non
1521 1525 1592 1567 raro

419 1609 577 1673 coniuncti
601 1610 728 1672 suntin
752 1609 869 1672 fabulis
879 1609 1019 1690 agendis
1038 1628 1109 1672 cum
1124 1609 1224 1673 milite
1248 1610 1394 1691 glorioso,
1419 1610 1592 1674 dominum-

368 1709 369 1712 '
418 1734 480 1794 que
504 1715 752 1798 stupidissimum
777 1721 808 1780 et
831 1715 981 1781 incultum
1003 1716 1177 1780 calliditate
1192 1716 1293 1780 multo
1309 1722 1467 1800 superant.
1499 1718 1593 1780 Haud

418 1823 483 1886 scio
509 1843 548 1886 an
572 1825 652 1887 haec
677 1823 876 1887 adulatorum
905 1824 1028 1907 species
1063 1825 1102 1887 ab
1137 1824 1206 1906 ipso
1230 1825 1404 1888 Menandro
1428 1825 1528 1907 primo
1560 1825 1591 1887 in

417 1949 564 1993 scaenam
590 1928 744 2011 producta
767 1930 815 1993 sit.
839 1968 882 1976 —
906 1931 1119 2011 Reperiuntur
1138 1930 1230 1993 huius
1254 1931 1381 2010 generis
1405 1930 1536 2014 parasiti
1560 1930 1591 1993 in

418 2035 543 2114 fabulis,
573 2055 655 2115 quae
684 2035 898 2099 inscribuntur
925 2035 1053 2099 Miles
1086 2036 1327 2118 gloriosus,
1361 2037 1592 2100 Eunuchus

410 2141 700 2228 {bacchided.

506 2267 543 2329 In
581 2267 707 2345 iabuliS,
747 2266 861 2346 quibus
900 2267 1028 2331 nomina
1067 2271 1138 2330 sunt
1173 2265 1402 2347 Curculio,
1441 2268 1592 2341 Persa,

418 2373 645 2453 Asinaria,
670 2373 869 2438 Phormio
902 2374 1035 2456 parasiti
1059 2373 1178 2436 similes
1211 2379 1283 2436 sunt
1316 2373 1460 2438 servis
1494 2373 1592 2436 illis

418 2480 743 2543 callidissimis
777 2481 961 2544 comoediae
984 2500 1095 2544 novae.
1143 2478 1233 2554 Quod
1257 2499 1357 2562 genus
1381 2481 1592 2563 parasitorum

411 2588 449 2650 *in
473 2607 584 2650 nova
608 2586 771 2651 comoedia
796 2592 895 2650 ortum
921 2592 952 2650 et
976 2607 995 2648 a
1019 2585 1192 2649 Menandro
1216 2587 1267 2650 vel
1283 2586 1449 2650 Menandri
1473 2592 1591 2668 tempo-

417 2693 506 2756 ribus
530 2694 630 2776 primo
655 2694 687 2755 in
712 2713 859 2757 scaenam
884 2694 1046 2756 inductum
1070 2713 1140 2756 esse
1165 2693 1321 2758 videtur..

507 2828 548 2890 ut
564 2832 597 2889 ut
613 2827 697 2890 servi
713 2827 768 2907 illi,
784 2827 830 2891 ita
847 2826 979 2909 parasiti
997 2845 1122 2905 quoque
1139 2825 1238 2888 novi
1260 2825 1390 2887 illius
1412 2825 1592 2905 generis

419 2933 513 2996 amici
542 2937 572 2996 et
601 2933 760 2996 adiutores
785 2932 960 2996 fidelissimi
993 2937 1066 2993 sunt
1100 2930 1304 3011 dominorum,
1337 2951 1469 3011 quorum
1503 2951 1591 2994 man·

420 3041 496 3103 data
512 3039 656 3118 quamvis
680 3039 860 3121 periculosa
883 3038 1053 3101 fortissime
1070 3041 1294 3116 exsequuntur.
1334 3035 1403 3112 Quo
1420 3036 1462 3116 iit,
1487 3043 1521 3100 ut
1537 3044 1593 3100 aut

418 3147 581 3228 primas
615 3151 767 3227 partes
802 3145 984 3209 comoediae
1009 3148 1114 3225 agant,
1147 3147 1182 3205 ut
1206 3142 1352 3206 Curculio
1383 3149 1413 3206 et
1435 3144 1592 3224 Phormio,

419 3257 474 3315 aut
497 3253 604 3332 magni
626 3253 775 3316 momenti
799 3253 861 3315 sint
884 3252 925 3314 ad
949 3251 1089 3314 fabulam
1112 3251 1327 3332 peragendam
1336 3248 1368 3329 ¹).

418 3552 526 3605 nomine
546 3552 713 3620 appellatum
727 3568 794 3616 esse,
816 3551 976 3619 quicumque
994 3553 1074 3604 homo
1088 3551 1202 3604 audacia
1215 3557 1243 3604 et
1256 3550 1419 3603 confidentia
1432 3549 1592 3616 excellebat,

420 3647 533 3709 apparet
552 3657 584 3695 ex
608 3640 689 3705 loeis,
713 3656 781 3708 quae
806 3638 887 3694 affert
905 3639 931 3693 H
943 3641 1056 3693 auler
1075 3639 1114 3707 (iu
1134 3639 1198 3695 edit.
1217 3639 1327 3692 Phorm.
1347 3655 1394 3706 pg.
1415 3638 1448 3690 73
1468 3654 1528 3690 ann.
1549 3637 1591 3708 3):
1639 3662 1641 3667 ·

420 3729 492 3797 apud
512 3728 742 3783 Ciceronem
761 3729 911 3782 invenitur:
943 3727 1118 3796 ,Phormioni
1137 3727 1236 3780 alicui“
1258 3727 1340 3794 (Phil.
1354 3727 1384 3779 Π
1398 3728 1442 3794 15)
1463 3732 1503 3781 et:
1534 3743 1593 3793 „ar-

420 3817 561 3887 gentarius
581 3819 651 3872 Sext.
673 3817 792 3882 Clodius
813 3818 858 3871 cui
877 3833 1028 3884 cognomen
1047 3824 1090 3870 est
1108 3815 1245 3879 Phormio,
1266 3832 1317 3869 uec
1336 3817 1425 3869 minus
1445 3815 1524 3884 niger
1543 3832 1591 3868 uec

418 3905 508 3960 minus
529 3906 675 3974 confidens,
695 3922 775 3974 quam
794 3906 841 3958 ille
860 3905 1039 3959 Terentianus
1059 3910 1116 3959 est“
1145 3907 1205 3973 (pro
1227 3907 1302 3958 llaec.
1317 3904 1371 3971 27).
1409 3903 1451 3957 Ab
1471 3904 1592 3957 Auso-

419 4011 438 4049 n
449 3994 484 4047 io
504 3995 532 4048 in
552 3995 631 4062 epist.
645 3994 737 4047 XXVI
750 3993 870 4062 (Peiper)
890 3994 1044 4061 appeMatur
1058 3993 1138 4046 homo
1154 3993 1276 4060 quidum:
1299 3991 1447 4060 „hispidus
1468 3997 1530 4046 trux
1543 4034 1549 4044 .
1564 4035 1570 4046 .
1585 4035 1591 4047 .

421 4082 604 4137 Terentianus
628 4081 783 4135 Phornri0.“
830 4082 936 4134 Hauler
965 4081 1045 4133 etiam
1075 4081 1188 4144 confert,
1219 4095 1287 4147 quae
1311 4084 1407 4132 narrat
1435 4078 1594 4144 Quinti-

418 4170 552 4224 lianus
581 4170 632 4238 (VI
650 4170 674 4234 3,
688 4170 733 4237 56)
762 4176 790 4224 et
818 4169 956 4222 Cicero
984 4170 1013 4223 in
1043 4168 1120 4234 libro,
1150 4169 1198 4235 qui
1225 4172 1268 4221 est
1296 4167 1329 4220 de
1356 4173 1454 4220 natura
1483 4167 1592 4221 deorum

415 4260 483 4327 ’(ΙΠ,
498 4260 553 4330 73).

511 4366 532 4434 l)
547 4366 658 4430 Fabula,
674 4382 742 4432 quae
756 4366 835 4420 inser.
850 4365 925 4418 Mil.
941 4366 979 4432 gl
990 4382 1004 4417 0
1016 4381 1046 4432 r,
1061 4365 1304 4432 praetermittenda
1317 4369 1367 4422 est,
1382 4380 1444 4417 cum
1456 4363 1592 4431 parasitus

420 4455 562 4508 habendus
591 4455 628 4508 sit
656 4455 685 4507 in
714 4453 845 4522 personis,
875 4469 945 4520 quae
964 4458 1102 4522 πρόσωπα
1120 4455 1273 4521 προτατικά
1292 4457 1426 4505 vocantur
1445 4451 1591 4523 (Donat.

419 4546 486 4613 Arg.
500 4545 585 4600 Andr.
599 4561 644 4613 pg.
658 4547 683 4609 4,
697 4544 771 4610 lu).
