3590 5490
834 501 1057 560 -36-

361 671 491 736 fuerint:
525 693 606 737 non
638 673 683 736 ita
715 692 766 736 res
798 692 832 737 se
865 674 962 738 habet
994 674 1026 738 in
1061 675 1265 739 Terentii
1299 675 1416 754 labala,
1450 694 1531 756 quae

362 778 533 843 Eunuchus
562 779 749 843 inscribitur.
796 779 921 845 Gnatho
949 780 1018 863 ipse
1046 803 1074 845 v.
1099 785 1162 845 242
1192 782 1231 847 de
1259 803 1294 847 se
1317 783 1415 855 verba
1443 781 1532 846 lacit:

490 938 552 1015 Qui
577 939 662 1003 color
685 939 767 1003 nitor
789 939 930 1022 vestitus,
955 960 1037 1020 quae
1061 941 1242 1006 habitudost
1266 941 1418 1024 corporis!

360 1097 558 1161 Gnathonem
582 1098 679 1179 igitur
703 1098 897 1181 elegantiore
920 1104 1008 1164 veste
1032 1101 1175 1164 indutum
1199 1101 1297 1165 luisse
1322 1107 1471 1185 apparet.

448 1204 559 1268 Laruis
581 1204 677 1286 igitur
698 1204 853 1269 scaenicis
874 1206 904 1268 in
926 1205 1043 1270 fabulis
1063 1207 1204 1290 palliatis
1228 1208 1360 1289 agendis
1384 1207 1531 1291 tempori·

360 1312 419 1374 but
436 1310 540 1374 Plauti
556 1311 761 1392 Terentiique
785 1311 953 1376 histriones
976 1313 1025 1376 usi
1050 1334 1112 1377 non
1136 1312 1249 1397 sunt¹),
1273 1320 1307 1377 ut
1330 1335 1427 1397 supra
1449 1333 1531 1378 com·

360 1417 615 1498 memoravimus;
633 1421 772 1481 attamen
783 1418 897 1499 dignus
905 1426 953 1482 est
963 1426 1208 1484 commemoratu
1220 1440 1330 1484 versus
1340 1420 1532 1486 illePlauti

360 1523 403 1597 (in
429 1523 551 1589 Curcul.
577 1527 661 1604 394),
686 1545 748 1605 quo
771 1524 930 1607 parasitus
955 1532 1062 1590 narrat
1085 1547 1119 1590 se
1144 1526 1312 1590 unoculum
1337 1546 1419 1591 esse:

534 1683 702 1766 Catapulto
726 1685 785 1748 hoc
809 1685 936 1748 ictumst
958 1686 1035 1749 mihi
1059 1685 1145 1768 apud
1169 1683 1345 1768 Sicyonem,

361 1863 464 1924 neque
488 1845 626 1908 dubitari
649 1849 761 1927 potest,
787 1845 861 1925 quin
885 1845 976 1908 larva
999 1865 1074 1908 usus
1098 1846 1139 1909 sit
1161 1845 1280 1926 histrio,
1310 1866 1373 1926 qua
1397 1847 1529 1911 alterurn

311 2009 312 2014 ,
361 1951 484 2014 oculum
509 1951 689 2016 occultaret.

449 2057 569 2121 Laruas
598 2058 770 2132 scaenicas,
804 2059 918 2138 quibus
950 2058 1119 2124 histriones
1152 2060 1321 2123 utebantur
1351 2059 1383 2122 in
1415 2059 1532 2124 fabulis

363 2162 502 2245 palliatis
526 2164 735 2247 posteriorum
757 2169 933 2246 temporum
949 2164 1091 2248 agendis,
1115 2164 1291 2228 simillimas
1314 2164 1412 2230 luisse
1436 2165 1532 2230 larvis

361 2290 462 2334 novae
479 2270 670 2350 comoediae,
688 2271 798 2350 quales
816 2271 1035 2336 describuntur
1051 2292 1070 2334 a
1090 2271 1273 2336 Polluce
1296 2272 1315 2334 l.
1334 2292 1367 2352 c,
1391 2272 1532 2355 intellegi

361 2380 465 2458 potest
498 2396 538 2440 ex
570 2377 849 2454 Quintiliani
881 2377 977 2442 instit.
1002 2383 1115 2442 orator.
1138 2377 1191 2442 lib.
1215 2379 1260 2441 XI
1285 2382 1313 2452 3,
1339 2381 1389 2459 74,
1416 2383 1477 2441 178
1503 2385 1533 2443 et

308 2469 311 2474 ¹
361 2483 523 2546 Donati
555 2484 669 2564 verbis,
702 2505 785 2564 quae
817 2483 894 2548 lacit
926 2485 967 2547 ad
999 2485 1124 2549 Terent.
1148 2484 1359 2548 Heautontim.
1383 2473 1465 2549 Prol.
1490 2491 1530 2550 37

362 2594 393 2652 et
416 2590 542 2656 Terent.
565 2590 663 2673 praef.
688 2591 720 2654 in
744 2592 839 2656 Andr.

450 2697 514 2761 Sed
543 2717 612 2761 cum
640 2717 754 2780 magno
784 2698 860 2762 artis
888 2698 1034 2762 mimicae
1059 2697 1244 2762 detrimento
1267 2698 1436 2763 histriones
1461 2719 1531 2782 per-

362 2805 447 2868 sonis
480 2806 659 2868 utebantur:
693 2825 788 2885 quarn
821 2806 860 2869 ob
889 2825 955 2868 rem
984 2805 1114 2868 dubium
1145 2825 1206 2868 non
1241 2811 1297 2884 est,
1331 2806 1405 2886 quin
1440 2805 1532 2870 certis

363 2911 501 2992 corporis
525 2916 557 2974 et
580 2911 721 2975 bracchii
747 2912 889 2993 gestibus
914 2911 1005 2992 quasi
1033 2911 1247 2992 mitigaverint
1270 2913 1373 2975 vultus
1396 2913 1533 2994 rigorem

364 3021 458 3097 atque
491 3018 751 3084 immobilitatem.
807 3019 857 3081 De
890 3018 949 3082 hac
985 3017 1225 3098 gesticulatione
1258 3018 1429 3100 parasitica
1462 3018 1533 3081 aevi

362 3123 544 3187 recentioris
579 3124 731 3188 nonnulla
765 3131 873 3187 narrat
910 3125 1125 3188 Donatus:
1164 3129 1199 3186 ut
1233 3124 1423 3188 mentionem
1458 3125 1535 3188 lacit

365 3236 491 3312 ,gestus
516 3230 920 3315 acernaacerna)
945 3230 995 3294 ver
1023 3213 1259 3310 ,obsecuntur
1287 3231 1380 3310 (Anu.
1396 3232 1427 3294 ιι
1444 3234 1472 3311 a,
1488 3235 1533 3313 4),

362 3337 407 3399 ita
431 3337 471 3399 ad
494 3336 698 3401 Terentii
721 3338 870 3418 fabulam,
903 3338 954 3400 cui
977 3357 1091 3401 nomen
1116 3343 1163 3400 est
1185 3338 1357 3401 Eunuchus
1381 3338 1421 3418 (v.
1447 3341 1532 3418 232),

363 3447 505 3506 annotat:
540 3444 601 3521 „Di
630 3444 835 3508 immortales:
865 3444 1049 3508 admirantis
1079 3443 1277 3524 exclamatio,
1306 3463 1374 3507 oum
1404 3465 1532 3528 para-

362 3550 441 3613 siti
482 3550 869 3632 gesticulatione.“
932 3549 1201 3615 Commemoratur
1240 3569 1365 3630 quoque
1406 3556 1533 3632 ..gestus

362 3656 570 3739 parasiticus“
597 3657 683 3739 apud
706 3658 854 3722 Donat.
880 3658 919 3720 ad
942 3658 1020 3723 Eun.
1046 3661 1118 3720 274.

452 3763 615 3840 Quomodo
632 3763 795 3828 Ambivius
816 3763 926 3828 histrio
943 3763 1076 3846 parasiti
1090 3763 1288 3827 Phormionis
1309 3768 1416 3845 partes
1434 3764 1534 3845 egerit

363 3870 395 3933 iu
411 3870 520 3935 fabula
544 3869 600 3933 illa
615 3869 815 3949 Terentiana,
835 3875 943 3934 narrat
961 3871 1158 3933 Donatus
1179 3869 1242 3949 (ad.
1257 3870 1381 3933 Phorm.
1397 3891 1425 3935 v.
1443 3872 1533 3949 315):

260 4044 262 4048 ,
365 3975 496 4054 „Adhuc
520 3983 666 4038 narratur
689 3976 798 4039 fabula
822 3976 861 4039 de
885 3977 1034 4040 Terentio
1060 3983 1090 4039 et
1113 3974 1258 4040 Ambivio
1283 3975 1378 4056 ebrio,
1404 3976 1457 4055 qui
1482 3996 1532 4039 ac·
1591 4063 1593 4066 Ι

363 4088 451 4146 turus
475 4084 555 4147 hanc
580 4083 719 4146 fabulam
749 4083 893 4165 oscitans,
926 4083 1121 4162 temulenter,
1153 4087 1248 4163 atque
1274 4101 1379 4145 aurem
1405 4082 1533 4145 minimo

453 4313 475 4383 1)
497 4313 536 4367 Ol.
551 4328 619 4379 quae
634 4313 801 4366 demonstrat
819 4313 851 4364 A.
865 4311 893 4364 lii
903 4314 921 4364 ii
931 4312 940 4363 l
951 4312 960 4363 l
972 4325 986 4364 e
996 4328 1026 4378 r,
1047 4309 1324 4364 Biihneualtertiimer
1337 4327 1399 4380 pag.
1413 4312 1464 4362 227
1476 4328 1533 4378 sqq.

364 4403 444 4456 Chr.
467 4402 626 4467 Hester,
658 4403 699 4454 De
726 4417 901 4470 personarum
929 4416 980 4453 usu
1007 4401 1037 4453 iu
1064 4400 1094 4452 P.
1119 4399 1241 4454 Terentii
1270 4399 1430 4466 comoediis,
1459 4400 1532 4455 Diss.

364 4491 543 4546 Halle1877.
