3590 5490
831 541 1051 600 ..18-.

443 716 589 779 Attamen
614 714 724 795 quales
752 715 821 798 typi
848 714 1059 798 parasitorum
1083 715 1250 778 Menandri
1273 715 1323 780 vel
1352 734 1453 779 novae
1477 734 1528 779 co-

354 821 499 886 moediae
523 822 647 886 Atticae
681 821 805 900 luerint,
837 841 899 886 non
923 825 988 884 tam
1012 841 1052 886 cx
1076 822 1309 886 comoediarum
1335 821 1528 886 Graecarum

354 927 497 1008 reliquiis
519 948 613 1009 quam
637 947 677 992 ex
700 927 929 991 imitationibus
950 934 1115 1010 poetarum
1131 929 1352 1008 Romanorum,
1374 928 1528 1011 imprimis

355 1035 460 1098 Plauti
494 1035 707 1115 Terentiique,
747 1053 938 1116 cognoscere
976 1055 1152 1117 possumus,
1192 1055 1271 1115 quas
1307 1034 1445 1099 breviter
1478 1053 1527 1098 re·

355 1161 549 1206 censeamus.

443 1249 605 1312 Parasitus
625 1246 680 1312 ille
697 1267 796 1312 novus
817 1247 974 1310 invenitur
990 1248 1020 1311 in
1045 1247 1172 1312 Plauti
1198 1247 1350 1328 ,linires
1395 1247 1528 1311 Plautus

354 1354 481 1418 fabulae
505 1355 552 1419 illi
575 1354 750 1437 praemittit
773 1374 868 1418 unam
899 1353 1077 1434 scaenam¹)
1112 1374 1149 1418 eo
1174 1359 1295 1418 tantum
1320 1353 1460 1434 consilio,
1495 1359 1529 1417 ut

353 1481 505 1543 personas
530 1461 602 1525 illas
625 1463 708 1525 inter
731 1481 766 1525 se
790 1460 973 1524 coniunctas
997 1461 1130 1543 parasiti
1154 1466 1186 1525 et
1209 1461 1317 1525 militis
1341 1460 1471 1542 gloriosi
1495 1465 1528 1524 et

353 1588 456 1632 mores
485 1588 592 1632 eorum
622 1587 857 1648 cognoscamus.
880 1605 924 1614 -
948 1566 1019 1642 Qua
1053 1587 1092 1631 ex
1124 1587 1242 1631 scaena
1274 1566 1469 1649 intellegitur
1496 1570 1528 1630 et

354 1675 513 1756 ingenium
537 1674 645 1738 militis
669 1674 876 1756 stupidissimi
901 1681 932 1737 et
960 1674 1070 1738 inculti
1095 1681 1125 1737 et
1152 1673 1275 1738 indoles
1299 1673 1440 1756 parasiti,
1474 1674 1528 1753 qui

355 1788 385 1844 et
408 1780 556 1844 adulatur
580 1781 738 1844 dominum
762 1779 978 1844 humilissimis
1005 1781 1165 1845 blanditiis
1189 1786 1220 1844 et
1242 1780 1353 1844 irridet
1376 1798 1457 1845 eum.

442 1888 529 1952 Idem
553 1908 653 1970 genus
677 1886 809 1969 parasiti
833 1887 865 1949 in
890 1906 1037 1950 scaenam
1066 1886 1191 1952 induxit
1223 1885 1462 1951 Terentius
1495 1887 1527 1950 in

353 1994 470 2075 tabula,
507 2013 589 2074 quae
622 1993 804 2057 inscribitur
827 1993 1040 2074 Eunochus2).
1089 1993 1152 2057 Sed
1179 1995 1277 2056 multo
1302 1993 1456 2057 excultior
1480 1998 1528 2057 est

355 2100 488 2180 Gnatho,
514 2120 608 2181 qnam
632 2100 737 2162 Plauti
760 2100 815 2162 ille
831 2101 1026 2181 Artotrogus.
1074 2099 1200 2163 Gnatho
1223 2100 1255 2162 in
1280 2119 1409 2163 numero
1433 2120 1526 2181 para·

354 2207 484 2270 sitorum
509 2206 739 2288 elegantiorum
763 2211 794 2268 et
826 2206 1029 2269 urbaniorum
1063 2206 1228 2270 habendus
1253 2212 1308 2286 est,
1342 2207 1397 2287 qui
1428 2207 1526 2272 nobili

354 2312 423 2375 loco
440 2313 513 2393 nati,
530 2314 624 2376 rebus
641 2312 850 2375 familiaribus
867 2312 994 2375 luxuria
1010 2314 1155 2395 profusis,
1175 2318 1340 2394 patronum
1358 2317 1526 2393 sectantur,

355 2419 466 2498 quise
492 2418 564 2481 alat.
612 2419 737 2481 Gnatho
760 2419 891 2483 militem
916 2419 992 2498 sale,
1017 2418 1198 2499 calliditate,
1231 2419 1405 2500 sagacitate
1427 2419 1526 2484 multo

354 2530 491 2607 superat,
520 2530 553 2587 ut
578 2525 671 2588 etiam
696 2526 891 2607 Artotrogus,
928 2545 1031 2605 neque
1064 2526 1094 2588 ei
1118 2526 1208 2589 deest
1231 2523 1378 2607 ironiail:
1419 2527 1526 2609 specie

354 2701 490 2768 situmque
504 2700 561 2754 eius
574 2700 689 2755 vidisse:
710 2700 750 2753 ira
762 2699 958 2754 inflammatum
972 2700 1078 2755 luxuria
1090 2708 1119 2754 et
1131 2701 1257 2769 superbia
1270 2700 1390 2769 parasiti,
1405 2703 1527 2770 graviter

352 2791 490 2844 invectum
510 2806 569 2843 esse
589 2789 696 2844 eumin
716 2789 852 2843 hominem
871 2791 950 2843 illum
970 2790 1103 2843 nefarium
1122 2791 1211 2843 verbis
1231 2807 1277 2844 vv.
1296 2792 1412 2858 49sqq.:

549 2905 691 2974 ἄνθρωπε,
712 2909 826 2974 πέρυσιν
844 2909 952 2968 πτωχὸς
970 2905 1046 2971 ἦσθα
1065 2911 1108 2958 καὶ
1127 2913 1228 2974 νεκρός,

551 2999 609 3045 νυνὶ
628 2992 657 3045 δὲ
677 2993 813 3048 nioman·
832 2994 891 3063 itys
911 2997 960 3046 τίν’
982 2999 1106 3064 εἰργάζου
1126 2999 1237 3060 signnm
1255 2993 1311 3045 κτλ.

353 3111 406 3164 Sed
434 3110 515 3164 aliter
542 3110 672 3165 indicavit
698 3113 820 3166 Kbrte
850 3111 951 3179 („Berl.
971 3111 1173 3180 philologisohe
1192 3110 1430 3164 Wochenschrilt“
1457 3112 1525 3162 1007

351 3200 405 3252 rol.
425 3200 477 3250 612
488 3201 566 3267 squ).
604 3199 672 3252 Nam
692 3198 774 3260 κόλαξ
793 3201 838 3254 vel
858 3205 1014 3269 παράσιτος,
1040 3201 1085 3268 qui
1103 3200 1180 3254 brevi
1199 3205 1321 3267 tempore
1341 3198 1416 3252 dives
1435 3200 1524 3253 tactus

353 3289 397 3352 sit,
416 3305 549 3356 nosquam
567 3289 595 3342 in
615 3289 760 3344 comoediis
780 3289 929 3343 invenitor:
950 3305 963 3342 e
983 3289 1116 3344 contrario
1136 3288 1271 3357 parasitus
1291 3304 1346 3341 non
1364 3304 1426 3341 raro
1445 3289 1525 3343 rebus

352 3377 531 3432 familiaribus
550 3379 620 3432 male
634 3379 801 3446 consumptis
820 3395 923 3446 pauper
940 3379 1029 3431 iactus
1043 3383 1092 3442 est,
1112 3384 1144 3431 ut
1156 3376 1337 3431 Terentianus
1356 3376 1403 3431 ille
1416 3377 1524 3432 Gnatho

351 3467 379 3521 in
392 3468 496 3533 fabule,
516 3467 558 3521 cui
572 3483 670 3520 nomen
685 3475 713 3521 et
725 3468 873 3520 Eunuchus
894 3472 949 3533 (vv.
960 3469 1012 3520 232
1023 3472 1102 3535 squ).
1135 3466 1193 3532 Qua
1211 3466 1243 3518 de
1257 3481 1338 3520 causa
1351 3482 1403 3534 ego
1418 3482 1525 3534 quoqne

353 3557 485 3612 assentior
497 3557 587 3610 verbis
602 3572 670 3624 qrrae
683 3556 749 3609 iacit
763 3558 902 3620 Kbrte,
922 3558 987 3611 l.c.:
1009 3556 1076 3622 „Eiu
1096 3555 1345 3623 Sykophant,
1365 3556 1409 3608 ein
1428 3555 1524 3609 Dieb

352 3649 425 3700 kann
444 3645 494 3699 mit
509 3645 621 3700 solchen
635 3646 750 3698 Worten
769 3663 803 3699 an
817 3646 868 3699 den
882 3646 1006 3713 Pranger
1025 3645 1138 3712 gestellt
1150 3644 1269 3709 werden,
1290 3643 1355 3698 aber
1367 3643 1524 3712 nnmbglich

353 3735 395 3790 ein
413 3734 528 3787 Parasit.
565 3735 677 3788 hlbssen
696 3734 746 3787 wir
764 3735 829 3787 aber
849 3734 891 3787 die
910 3733 1040 3801 corniger
1053 3733 1151 3786 Worte
1171 3732 1217 3786 des
1230 3732 1380 3800 Jiinglings
1399 3733 1446 3785 aul
1465 3733 1525 3786 eine

352 3823 451 3876 andere
470 3823 576 3875 Person
595 3822 634 3874 nls
655 3822 792 3876 Struthies
811 3822 950 3887 beziehen,
970 3839 1000 3876 so
1021 3821 1083 3876 tritt
1102 3820 1161 3874 eine
1180 3836 1250 3875 nene
1269 3821 1527 3876 unbekannte

353 3911 479 3964 Griisse
499 3911 528 3963 in
546 3926 646 3964 unsere
664 3911 817 3978 Rechnung
836 3911 887 3974 ein,
908 3911 963 3965 und
982 3911 1029 3964 der
1042 3911 1174 3975 Versuoh‚
1195 3910 1247 3964 den
1267 3911 1346 3978 Gong
1365 3910 1413 3964 der
1431 3911 1524 3964 Hand-

351 4001 421 4068 lung·
440 4017 472 4052 zu
492 4005 607 4064 erraterr,
627 3999 695 4054 wird
716 4000 787 4052 noch
808 3999 1041 4053 aussichtsloser.“

442 4090 462 4155 1)
491 4089 533 4141 De
565 4087 758 4155 compositione
790 4087 944 4140 comoediae
977 4093 1093 4154 egerunt
1123 4087 1311 4156 Ladewig
1342 4087 1451 4154 (Philol.
1482 4089 1523 4153 17,

351 4194 414 4245 pag.
435 4179 508 4243 260),
537 4177 589 4231 Fr.
611 4175 789 4229 Schmidt
811 4175 920 4242 (Jahrb.
940 4175 1033 4243 Suppl.
1053 4177 1069 4226 9
1088 4191 1152 4244 pag.
1172 4176 1232 4241 323,
1253 4175 1312 4236 390,
1332 4178 1404 4243 401),
1433 4176 1526 4231 Rib-

351 4267 447 4319 beck
466 4265 590 4333 (Alazom
610 4264 723 4333 Leipzig
743 4266 831 4333 1882),
851 4265 923 4318 Leo
943 4265 1044 4332 (Plaut.
1064 4265 1175 4320 Forsch.
1195 4281 1258 4333 pag.
1280 4265 1349 4331 161),
1370 4265 1478 4333 aliique.

441 4356 462 4420 2)
480 4353 598 4406 Parasiti
611 4352 760 4420 militisque
773 4369 916 4420 personam
929 4354 1089 4406 translatam
1103 4368 1163 4406 esse
1177 4369 1209 4407 ex
1222 4353 1362 4406 Menandri
1376 4354 1523 4420 comoedia,

352 4459 420 4510 quae
439 4442 521 4496 inser.
540 4439 643 4505 Κόλαξ,
664 4449 776 4509 apparet
795 4457 828 4495 ex
848 4442 1027 4495 Terentianae
1046 4441 1154 4495 tabulae
1173 4457 1253 4495 versu
1272 4441 1314 4496 30.

441 4532 463 4598 3)
481 4531 520 4584 Ut
539 4537 652 4598 apparet
671 4547 702 4584 ex
721 4548 763 4585 vv.
783 4531 883 4600 452)53
902 4540 931 4584 et
950 4531 1028 4586 1003.
