3590 5490
745 507 965 566 ..23-

355 683 391 745 In
416 682 529 747 ceteris
545 701 619 745 vero
644 679 760 744 fabulis
785 680 917 762 agendis
940 680 1047 762 specie
1066 667 1197 760 tantum,
1219 697 1281 742 non
1305 699 1340 742 re
1365 699 1441 742 vera

268 809 337 852 cum
362 788 485 852 actione
519 786 701 852 comoediae
730 786 863 868 parasiti
885 805 1023 868 persona
1056 786 1223 850 coniuncta
1255 791 1304 860 est
1336 805 1440 867 neque

267 896 436 976 quicquam
467 894 565 959 refert
597 893 638 957 ad
669 893 811 956 fabulam
844 894 925 956 bene
958 892 1191 975 perficiendam,
1224 900 1259 955 ut
1287 893 1440 974 imprimis

266 1001 399 1084 parasiti
421 1000 468 1064 illi
492 999 769 1082 antiquioris
793 997 1019 1080 generis1),
1043 1019 1121 1079 qnos
1138 998 1201 1062 iam
1219 1004 1294 1063 ante
1310 999 1440 1062 Menan-

265 1107 315 1171 dri
338 1112 481 1189 tempora
504 1107 535 1170 in
561 1105 733 1172 comoediis
756 1104 854 1169 tuisse
879 1110 1019 1188 apparet.
1050 1105 1262 1187 Reperiuntur
1286 1106 1440 1170 eiusmodi
1477 1113 1480 1117 “

265 1214 398 1296 parasiti
430 1214 462 1277 in
496 1212 620 1290 tabulis
654 1213 769 1292 quibus
793 1211 922 1275 nomina
945 1216 1016 1274 sunt
1040 1209 1194 1288 Stichus2)
1220 1217 1252 1275 et
1275 1209 1439 1294 Captivii).

265 1321 312 1383 Eo
336 1324 458 1383 tantum
483 1318 613 1382 consilio
647 1319 677 1381 in
707 1318 757 1382 his
781 1317 897 1381 fabulis
923 1317 1147 1400 componendis
1180 1322 1276 1400 poeta
1293 1317 1439 1400 'parasiti

265 1445 402 1508 persona
425 1446 500 1489 usus
529 1431 585 1505 cst,
617 1430 651 1487 ut
679 1425 789 1488 risum·
804 1428 945 1489 moveret
973 1423 1207 1504 delectaretque
1235 1428 1440 1506 spectatores.

354 1533 402 1595 Ex
422 1531 470 1612 iis,
496 1551 578 1612 quae
594 1530 885 1612 demonstravimus,
910 1530 1057 1612 cognosci
1073 1535 1177 1611 potest
1194 1530 1351 1612 parasitos
1368 1531 1439 1595 illos

266 1638 540 1718 antiquioris
573 1638 770 1720 generis,
804 1638 915 1717 quales
946 1638 978 1699 in
1003 1637 1173 1701 comoediis
1197 1637 1337 1720 priorum
1360 1645 1437 1703 tem-

264 1765 375 1827 porum
399 1750 472 1808 ante
496 1745 662 1808 Menandri
686 1749 820 1808 aetatem
845 1744 942 1808 inisse
967 1749 1108 1826 apparet,
1142 1743 1184 1806 ad
1207 1743 1362 1808 actionem
1387 1744 1433 1807 ia·

264 1852 359 1915 balae
392 1856 447 1914 aut
478 1849 596 1913 nuliius
621 1856 675 1913 aut
706 1851 797 1933 parvi
829 1856 951 1913 tantum
984 1850 1134 1915 momenti
1162 1869 1246 1914 esse:
1278 1852 1436 1942 parasitos

264 1964 369 2021 autem
393 1957 464 2022 illos
487 1957 588 2021 novi
610 1957 807 2039 generis,
832 1957 886 2036 qui
908 1957 1136 2041 posterioribus
1155 1957 1349 2040 temporibus
1374 1958 1435 2021 orti

264 2070 344 2142 sunt,
377 2064 419 2127 ad
449 2063 589 2126 fabulam
624 2063 871 2145 componendam
906 2062 1036 2126 multum
1064 2063 1181 2145 valere,
1213 2063 1259 2127 ita
1291 2068 1325 2127 ut
1355 2083 1437 2129 corn·

263 2175 442 2254 probentur,
478 2191 560 2250 quac
595 2170 705 2233 statuit
736 2169 952 2253 Kaibel⁴):
991 2218 1016 2251 ‚,.
1041 2222 1047 2237 .
1072 2222 1080 2236 .
1101 2170 1192 2234 Auch
1225 2171 1282 2234 der
1311 2172 1438 2235 Parasit

263 2278 374 2360 gebbrt
398 2279 531 2359 dorthin,
555 2277 612 2340 der
634 2277 744 2340 immor
761 2278 831 2341 eine
847 2277 1138 2358 AussenroHe,
1163 2277 1233 2342 eine
1257 2299 1317 2341 nur
1332 2280 1437 2362 wenig

264 2385 450 2466 organischc
473 2383 620 2464 Auigabe
644 2383 686 2446 im
711 2383 829 2448 Stucke
852 2385 908 2448 hat
931 2385 995 2447 und
1018 2384 1065 2448 sie
1098 2384 1182 2448 wohl
1216 2390 1307 2448 erst
1339 2391 1437 2467 spttt

265 2491 503 2555 bckommt.“

236 2653 264 2685 a
351 2599 489 2680 Dignum
516 2603 571 2680 est,
596 2596 681 2678 quod
698 2604 967 2679 commemoretur,
992 2597 1148 2677 quomodo
1164 2599 1323 2688 parasitus
1347 2619 1435 2662 scae-

262 2724 335 2766 nam
359 2704 476 2768 intrare
499 2704 610 2770 soleat.
648 2701 740 2778 Quod
757 2704 942 2785 saepissime
965 2703 1194 2786 monologo
1218 2704 1287 2768 fieri
1311 2705 1435 2785 assolet,

263 2807 326 2890 quo
348 2818 457 2874 narrat
479 2811 647 2893 parasitus
676 2829 711 2874 se
734 2811 909 2892 parasitum
933 2830 1012 2890 esse,
1046 2810 1084 2875 de
1109 2811 1236 2892 ingenio
1261 2831 1318 2875 suo
1341 2813 1435 2876 mori-

262 2918 384 2998 busque
416 2918 594 3000 parasitidis
627 2916 896 2982 ridiculosissimis
921 2918 1024 2980 verbis
1057 2922 1252 2999 spectatores
1286 2918 1435 2982 certiores

262 3022 344 3100 iacit,
360 3031 395 3088 ut
411 3025 443 3088 in
459 3025 584 3105 fabulis,
602 3044 683 3104 quae
700 3024 913 3087 inscribuntur
926 3023 1050 3105 Captivi
1067 3027 1128 3102 (vv.
1144 3028 1184 3086 69
1196 3023 1286 3108 sqq),
1310 3024 1434 3088 Stichus

351 3280 374 3350 ¹)
394 3280 502 3334 Gnatho
522 3283 557 3348 (r.
573 3281 636 3348 246)
657 3280 690 3333 dc
709 3278 747 3332 eis
768 3279 846 3332 dicit:

299 3385 385 3452 „Olim
404 3387 451 3440 isti
471 3387 524 3440 tuit
543 3386 637 3455 generi
656 3387 791 3453 qnondam
812 3392 940 3452 quaestus
960 3385 1058 3454 apud
1077 3386 1251 3440 saeclum
1269 3387 1358 3454 prin
1370 3387 1407 3441 s.“

350 3504 371 3570 ²)
391 3502 469 3568 Quod
488 3502 614 3556 nuntium
634 3501 715 3556 affert
730 3502 762 3556 de
777 3502 898 3556 adventu
917 3502 974 3568 filii,
993 3502 1061 3556 nibil
1081 3502 1268 3556 ierevaletet
1286 3501 1434 3570 percitam

262 3593 368 3657 quoquc
387 3606 529 3657 personam
548 3590 607 3644 fieri
625 3590 722 3658 potuit.

351 3691 373 3759 3)
393 3689 560 3755 Quamquam
581 3705 675 3744 servus
694 3689 723 3742 in
741 3694 822 3756 portu
841 3693 985 3755 exspectat
1004 3689 1152 3742 adventum
1171 3687 1300 3754 fratrum,
1324 3693 1434 3755 practer

259 3777 449 3832 necessitatem
468 3777 607 3847 parasitus
627 3779 783 3832 advocatur.
819 3777 972 3831 Gelasimus
991 3793 1065 3843 vero,
1094 3776 1251 3845 priusquam
1272 3795 1287 3829 a
1307 3776 1431 3830 Crocotio

260 3868 414 3934 arcessitur,
434 3884 558 3922 scaenam
578 3867 675 3923 intrat:
698 3884 785 3936 neque
804 3884 870 3922 vero
890 3868 1047 3921 mandatum
1066 3867 1246 3936 Panegyridis
1267 3868 1432 3934 exsequitur,

259 3975 347 4027 neque
366 3958 475 4012 omnino
496 3958 625 4013 certiores
644 3958 732 4023 fimus,
757 3974 810 4025 qua
835 3958 867 4010 de
887 3973 969 4012 causa
987 3957 1101 4012 venerit.
1138 3957 1176 4012 Ut
1195 3973 1210 4010 a
1229 3973 1328 4011 scaena
1347 3973 1432 4011 remo·

260 4053 363 4111 vestus,
392 4047 531 4101 dominum
559 4046 747 4101 advenientem
775 4063 861 4100 novos
889 4047 1025 4114 parasitos
1049 4061 1140 4100 secum
1169 4045 1313 4101 adduxisse
1341 4052 1433 4099 narrat

259 4135 419 4204 Panegyris
457 4135 527 4190 Tum
548 4135 703 4190 Gelasimus
728 4135 785 4189 abit
809 4135 843 4189 ad
868 4141 1006 4190 certamen
1030 4151 1091 4189 cum
1114 4134 1241 4202 parasitis
1267 4133 1379 4188 aemulis
1404 4151 1432 4188 se

259 4229 411 4292 paraturus,
430 4224 528 4278 -Ita
547 4225 637 4292 specie
655 4231 762 4279 tantum
778 4224 856 4290 quasi
874 4225 1006 4292 probatur
1024 4223 1159 4277 discessus
1179 4223 1304 4292 parasiti:
1324 4222 1372 4277 alii
1391 4223 1432 4276 illi

259 4313 373 4381 parasiti
391 4328 479 4380 neque
502 4314 554 4367 hoc
575 4315 636 4368 loco
659 4329 746 4381 neque
771 4313 798 4366 in
819 4313 917 4367 ceteris
941 4312 1064 4381 partibus
1084 4312 1238 4367 comoediae
1257 4311 1432 4366 inueniuntur

259 4418 348 4468 neque
368 4402 477 4456 omnino
497 4407 749 4456 commemorantur.
770 4433 803 4440 -

347 4502 369 4567 ⁴)
391 4500 431 4556 Cf.
450 4501 565 4568 praefat.
585 4500 613 4553 in
631 4500 724 4553 Herm.
746 4500 822 4555 1901.
