3590 5490
716 543 759 550 -
806 507 846 566 37
893 541 938 550 --

238 683 418 766 insculpens
448 683 580 765 digitulo
589 681 612 766 1)
646 682 703 748 hos
726 681 869 746 Terentii
901 680 1116 763 pronuntiavit
1147 698 1265 761 versus,
1299 677 1412 759 quibus

237 789 354 854 auditis
379 789 605 855 exclamaverit
632 793 729 870 poeta
756 807 790 852 se
818 786 924 868 talem,
957 807 1028 852 cum
1060 786 1221 865 scriberet,
1256 785 1412 866 cogitasse

236 895 419 978 parasitum,
453 902 484 960 et
515 915 554 960 ex
582 895 809 977 indignatione,
843 894 927 974 quod
962 914 1033 958 eum
1066 897 1206 958 saturum
1240 895 1413 975 potumque

238 984 498 1086 deprehenderat,
523 999 679 1066 delenitus
702 1001 809 1065 statim
833 1001 900 1066 sit.“
949 1001 1000 1064 Ad
1014 1001 1140 1064 Phorm.
1155 1021 1185 1066 v.
1202 1003 1265 1064 315
1283 1002 1413 1062 annotat

237 1110 452 1172 Donatus:
488 1109 586 1189 „haec
611 1113 643 1171 et
665 1107 753 1172 labia
776 1108 930 1190 linguens,
955 1113 989 1170 ut
1013 1107 1128 1188 ebrius,
1160 1111 1192 1170 et
1214 1109 1351 1178 ructans,
1379 1108 1414 1166 ut

237 1220 330 1297 potus
348 1220 378 1278 et
394 1221 498 1294 satur,.
512 1214 727 1298 pronuntiavit
748 1219 835 1279 actor
858 1216 988 1280 bonus.“
1015 1251 1057 1260 -—
1082 1212 1204 1289 Quibus
1222 1231 1292 1276 cum
1307 1210 1412 1275 verbis

236 1321 402 1386 Donati
425 1321 584 1406 (‚‚labia
607 1320 851 1401 linguens“)
876 1319 1053 1402 comparari
1068 1323 1180 1402 potest,
1205 1318 1289 1399 quod
1305 1322 1414 1380 narrat

239 1426 278 1492 de
306 1427 525 1510 Theophrasto
553 1427 819 1509 Hermippus
845 1426 940 1508 (apud
963 1425 1076 1489 Athen.
1099 1426 1115 1488 I
1140 1425 1242 1504 28B):
1274 1426 1414 1486 καίποτε

237 1529 416 1618 ὀψοφάγον
445 1533 514 1613 (qui
543 1533 654 1614 procul
680 1534 770 1597 abest
794 1553 813 1595 a
836 1532 990 1614 parasito)
1014 1527 1212 1613 μιμούμενος
1243 1527 1413 1614 ἐξείραντα

235 1635 295 1720 τὴν
318 1639 465 1721 γλώσσαν
489 1640 731 1725 περιλειχειν
754 1634 800 1702 τὰ
824 1638 943 1724 χείλη.

326 1745 438 1811 Liceat
460 1747 537 1810 mihi
560 1747 633 1811 huic
662 1747 760 1828 capiti
782 1766 887 1830 pauca
911 1745 1029 1810 addere
1053 1745 1094 1810 de
1117 1743 1295 1809 elocutione
1318 1764 1412 1827 para·

238 1852 343 1916 sitica:
371 1873 445 1916 nam
458 1852 624 1936 peculiari
646 1871 764 1935 genere
788 1852 915 1916 dicendi
938 1849 1137 1935 propriisque
1161 1851 1292 1915 vocibus
1316 1849 1414 1914 utitur

238 1959 406 2042 parasitus.
443 1959 545 2024 Velim
570 1958 723 2040 conserua,
747 1977 830 2039 quae
855 1963 985 2023 annotat
1000 1959 1197 2023 Donatus
1222 1957 1263 2020 ad
1286 1957 1413 2022 Terent.

239 2065 363 2129 Phorm.
388 2086 416 2130 v.
442 2069 519 2130 327:
552 2065 654 2146 „Quot
685 2085 736 2130 me
770 2085 880 2130 censes
913 2065 1056 2129 homines
1089 2064 1152 2129 iam
1186 2063 1412 2129 deverberasse

240 2191 340 2253 usque
354 2172 395 2236 ad
411 2174 542 2237 necem?
570 2175 842 2257 παρασιτικῶς
857 2176 956 2236 totum
973 2170 1232 2235 translationibus
1249 2171 1413 2252 loquitur.“

242 2277 351 2342 —Ad
375 2279 508 2342 eandem
523 2278 664 2343 fabulam
689 2280 822 2358 (Phorm.
839 2299 866 2343 v.
885 2281 960 2358 330)
986 2281 1115 2342 annotat
1130 2277 1287 2342 Donatus:
1312 2275 1413 2357 „Quia

239 2404 301 2449 uon
324 2391 411 2449 recte
430 2385 574 2467 accipitri
597 2385 736 2450 tenditur
758 2404 862 2465 neque
879 2384 988 2450 miluo:
1012 2405 1121 2448 rursus
1145 2404 1203 2467 per
1226 2383 1412 2467 allegoriam

239 2489 380 2571 loquitur
402 2493 569 2574 parasitus,
593 2497 628 2555 ut
647 2497 746 2556 totum
767 2497 798 2556 et
820 2490 947 2556 triviale
971 2490 1012 2555 sit
1037 2497 1068 2555 et
1084 2509 1123 2554 ex
1140 2491 1292 2555 conviviis
1317 2490 1412 2554 escis·

238 2617 301 2677 que
334 2599 547 2680 translatum‚“
580 2598 727 2679 idemque
761 2598 802 2660 ad
834 2617 960 2662 versum
984 2602 1062 2661 336:
1095 2598 1173 2679 „Pro
1205 2597 1362 2661 maleficio
1386 2596 1413 2660 si
1485 2613 1512 2682 j

240 2704 441 2769 beneficium:
475 2707 745 2789 παρασιτικῶς
773 2704 980 2786 „beneficium
1003 2706 1175 2768 summum“
1200 2704 1276 2768 dicit
1300 2704 1413 2767 alere.“

330 2811 401 2875 Non
415 2832 486 2875 raro
499 2812 657 2894 parasitus
672 2811 850 2876 elocutione
862 2817 927 2875 tam
940 2811 1067 2894 proprie
1079 2810 1251 2893 parasitica
1263 2811 1368 2892 utitur,
1380 2815 1414 2872 ut
1442 2890 1444 2893 Ι
1502 2839 1503 2842 ¹
1526 2863 1527 2866 ,

239 2938 301 2982 non
318 2917 521 2999 intellegatur
533 2919 573 2981 ab
587 2917 659 2980 aliis
671 2917 859 3000 hominibus,
877 2923 911 2981 ιιι
924 2917 1061 2999 exempli
1072 2917 1176 2999 gratia
1191 2916 1331 2980 inversu
1347 2921 1410 2980 342

238 3024 376 3106 fabulae,
401 3024 451 3088 cui
474 3043 588 3088 nomen
610 3028 657 3086 est
673 3024 833 3088 Phormio:
858 3024 898 3088 de
921 3045 983 3105 quo
1009 3022 1084 3087 dicit
1099 3024 1256 3087 Donatus:
1281 3023 1413 3103 „Cena

241 3131 373 3194 dubia
405 3130 586 3213 apponitur:
620 3135 651 3193 et
683 3131 742 3194 hoc
776 3131 857 3194 adeo
887 3129 1093 3213 parasiticum
1123 3131 1255 3193 verbum
1290 3135 1345 3210 est,
1379 3134 1414 3192 ut

242 3256 304 3301 non
327 3237 493 3319 intellegat
516 3238 624 3302 (ἓαια.ιι
778 3231 780 3234 ’

328 3345 441 3425 Neque
484 3345 644 3428 parasitus
686 3345 792 3409 dicere
837 3345 918 3409 solet
960 3341 1086 3407 ἐσθίειν
1129 3348 1160 3408 et
1199 3347 1317 3427 πίνειν,
1357 3345 1413 3408 sed
1501 3427 1505 3434 ι

239 3461 458 3534 καταφαγεῖν
487 3456 518 3516 et
551 3448 718 3533 iporcium,
753 3457 788 3515 ut
820 3451 958 3534 exempli
991 3451 1096 3533 gratia
1127 3452 1158 3515 in
1192 3451 1413 3533 Epicharmi

240 3557 358 3640 fabula,
383 3559 434 3623 cui
456 3579 570 3623 nomen
595 3566 643 3622 est
665 3552 774 3633 Ἐλπὶς
797 3555 816 3640 ἢ
838 3558 984 3633 Πλοῦτος
1005 3543 1068 3642 (ap.
1088 3558 1200 3622 Athen.
1218 3558 1261 3620 VI
1289 3555 1412 3638 235E)‚

240 3663 291 3728 vel
327 3668 538 3729 καταπίνειν
576 3672 609 3729 ιιι
643 3666 727 3748 apud
760 3664 989 3748 Ameipsiam
1024 3664 1074 3746 (ir.
1100 3668 1139 3729 19
1165 3665 1208 3744 Κ)
1243 3671 1274 3728 et
1306 3665 1412 3728 Anti-

242 3771 403 3852 phanem
426 3772 475 3858 (ir.
501 3776 564 3836 248
588 3773 642 3854 K).

331 3878 415 3944 Voce
459 3879 489 3943 li
499 3879 677 3961 gurrire
721 3878 849 3962 saepius
892 3878 990 3942 utitur
1032 3877 1206 3960 parasituS,
1250 3882 1284 3941 ut
1328 3876 1413 3957 apud

242 3985 439 4050 Plautum
464 3985 594 4068 (Capu.
612 3989 678 4065 83):

466 4129 777 4140 -----
802 4091 947 4155 victitant
970 4111 1045 4154 suco
1070 4111 1135 4170 suo,

401 4199 474 4262 dum
497 4200 564 4263 ruri
587 4204 696 4262 rurant
719 4199 869 4280 homines,
894 4217 974 4278 quos
997 4197 1254 4279 ligurriant.

241 4289 453 4297 —-————..

331 4319 352 4390 1)
374 4321 414 4374 uf.
438 4321 524 4375 verba
550 4322 763 4376 Iuvenalis
791 4321 831 4389 (in
855 4326 905 4375 sat.
924 4319 964 4373 IX
982 4335 1007 4373 v.
1027 4318 1090 4389 133)
1119 4324 1148 4372 et
1176 4319 1346 4372 Senecae
1375 4317 1413 4385 (in

241 4409 318 4478 epist.
333 4411 375 4476 52,
391 4411 443 4478 12),
463 4409 629 4464 Luciani
652 4410 681 4464 in
706 4409 775 4463 libro
793 4413 874 4480 „nupt
894 4411 1046 4479 αρχήσεως“
1065 4407 1094 4460 Il
1111 4424 1176 4476 pag.
1197 4407 1249 4459 266
1269 4413 1297 4461 et
1319 4406 1347 4460 in
1367 4406 1413 4460 lib.

239 4501 320 4570 υπερὶ
340 4495 429 4565 danum
448 4497 514 4554 XXI
526 4515 588 4568 pag.
604 4499 664 4552 152.
684 4527 717 4538 —
738 4498 778 4551 Oi.
791 4497 871 4554 Ribb.
884 4496 902 4550 l.
918 4514 939 4552 c.
954 4512 1018 4566 pag.
1031 4497 1074 4550 42.
