3590 5490
829 519 1052 578 „24-

350 702 409 773 (vv.
428 699 491 758 150
503 700 595 776 sqq.),
619 691 818 758 Menaechmi
835 699 897 772 (vv.
924 699 963 757 77
976 697 1065 775 squ),
1089 694 1265 758 Bacchides
1282 696 1343 772 (vv.
1362 697 1423 756 573
1435 699 1525 776 squ),

348 803 447 864 Persa
472 805 534 881 (vv.
562 805 624 864 531
637 804 728 881 squ),
752 801 925 865 Eunuchus
950 805 989 878 (v.
1014 804 1180 880 262sqq.).

440 908 631 988 Colloquens
656 927 726 970 curn
750 908 851 972 milite
874 907 1013 990 glorioso
1038 926 1186 970 scaenam
1204 907 1299 970 intrat
1314 907 1471 989 parasitus
1494 908 1526 970 iu

348 1015 455 1079 Plauti
487 1013 605 1094 fabula,
640 1013 690 1077 oui
724 1033 837 1077 nomen
872 1019 921 1077 est
952 1013 1044 1078 miles
1068 1013 1234 1095 gloriosus,
1268 1019 1298 1076 et
1330 1013 1362 1076 in
1387 1013 1526 1078 Terentii

351 1121 524 1201 comoedia,
558 1139 641 1200 quae
674 1119 857 1184 inscribitur
889 1119 1050 1184 Phormio:
1083 1119 1282 1182 Phormionis
1315 1119 1377 1181 ianr
1410 1121 1526 1183 mentio

349 1226 437 1290 iacta
460 1231 516 1308 est,
541 1231 711 1306 antequam
736 1245 886 1289 scaenam
902 1226 1039 1305 intravit,
1063 1226 1106 1289 ita
1131 1231 1165 1288 ut
1186 1225 1332 1289 introitus
1356 1225 1423 1289 eius
1448 1227 1527 1289 bene

349 1338 561 1417 praeparatus
585 1333 632 1397 sit.

347 1479 355 1496 .
442 1438 597 1503 Conteuto
632 1457 726 1502 cursu
759 1438 790 1500 ln
825 1457 974 1502 scaenam
998 1438 1199 1520 progreditur
1223 1437 1368 1502 Curculio
1402 1439 1526 1501 domiuo

350 1546 495 1608 nuntium
520 1545 682 1608 allaturus
718 1606 721 1612 ,

855 2147 948 2230 Cap.
971 2148 1027 2211 Ill.

735 2341 785 2408 Ile
810 2341 887 2408 arte
910 2342 1101 2428 parasitica
1111 2343 1146 2424 ¹).

443 2503 492 2565 De
509 2509 577 2566 arte
601 2503 773 2584 parasitica
798 2503 913 2585 optime
939 2505 1088 2568 certiores
1112 2504 1203 2567 limus
1227 2504 1413 2567 Luciani
1437 2503 1526 2578 libro,

357 2609 411 2688 qui
452 2608 635 2672 inscribitur
681 2607 760 2690 περὶ
803 2612 998 2692 παρασίτου,
1043 2608 1093 2671 ὅτι
1134 2613 1228 2693 τέχνη
1263 2609 1281 2690 ἡ
1319 2612 1551 2694 τταρασιτιναῇ.ι

356 2714 440 2790 Quid
465 2715 599 2797 scriptor
621 2715 653 2778 in
677 2715 736 2779 hoc
763 2715 844 2779 libro
870 2717 1086 2798 componendo
1111 2717 1172 2780 sibi
1195 2717 1403 2798 proposuerit,
1436 2737 1529 2798 saga-

357 2822 483 2885 cisshne
500 2827 532 2886 et
546 2822 741 2905 lepidissime
759 2822 930 2904 explicavit
946 2824 1180 2887 Radermacher
1203 2824 1249 2902 (in
1271 2823 1408 2886 editione
1423 2823 1529 2887 Philo·

356 2927 449 3007 demi,
483 2943 576 3007 quarn
600 2927 676 2992 iecit
700 2929 856 2992 Sudhaus.
902 2929 1033 3010 Leipzig
1059 2933 1153 2993 1895.
1200 2929 1308 3011 Suppl.
1332 2949 1382 3012 pg.
1405 2929 1530 3010 Iqu.).

355 3035 497 3115 Apparet
513 3033 609 3116 igitur
621 3035 745 3099 irrideri
761 3036 820 3098 boc
832 3036 966 3099 Luciani
980 3035 1089 3100 libello
1106 3036 1249 3100 rhetores
1263 3035 1530 3117 philosophosque

355 3141 437 3203 inter
453 3161 488 3204 se
504 3145 669 3205 certantes
709 3143 820 3221 Neque
845 3141 926 3205 liber
950 3142 1003 3206 ille
1021 3143 1153 3206 Luciani
1177 3161 1280 3222 neque
1305 3143 1430 3206 omnino
1459 3163 1530 3222 „ars

355 3247 546 3329 parasitica“
558 3247 622 3328 illa,
640 3249 716 3328 quid
728 3249 790 3311 sibi
805 3249 888 3328 velit,
906 3254 990 3313 recte
1007 3249 1150 3330 intellegi
1166 3254 1277 3331 potest,
1294 3249 1355 3312 nisi
1372 3268 1412 3312 ex
1428 3255 1527 3313 certa-

356 3355 440 3416 mine
465 3353 520 3416 illo
543 3354 703 3418 rhetorum
737 3361 768 3418 et
790 3355 1057 3437 pbilosophorum,
1092 3376 1153 3435 quo
1181 3360 1247 3418 tum
1271 3356 1407 3420 omnium
1434 3356 1530 3420 animi

358 3462 644 3526 commovebantur.
690 3461 846 3525 Plurimos
880 3461 951 3526 illos
984 3462 1103 3526 similes
1127 3462 1214 3526 locos
1238 3462 1311 3525 libri
1334 3462 1467 3526 Luciani
1500 3469 1531 3525 et

356 3566 547 3649 Philodemi,
595 3568 649 3647 qui
685 3568 867 3632 inscribitur
913 3567 990 3652 περὶ
1034 3567 1214 3653 ῥητορικῆς,
1258 3570 1350 3633 affert
1382 3569 1528 3633 Sudhaus

359 3673 388 3749 (l.
414 3693 439 3736 o.
463 3694 513 3756 pg.
538 3678 680 3755 28sqq.),
708 3675 810 3737 itaut
833 3676 910 3738 mihi
934 3696 995 3738 non
1020 3677 1082 3739 iarn
1108 3697 1186 3758 opus
1219 3677 1268 3757 sit,
1301 3676 1340 3739 de
1364 3676 1413 3740 his
1437 3677 1531 3739 rebus

359 3778 483 3861 longius
508 3781 673 3846 disserere.

446 3885 558 3966 Neque
582 3905 657 3949 vero
681 3887 841 3950 Luciauus
865 3888 984 3971 primus
1009 3888 1107 3950 irrisit
1129 3892 1284 3964 τεχνιτῶν
1301 3885 1531 3970 ἐπαγγέλματα

357 3990 427 4053 illa:
460 4013 532 4054 narn
557 3993 714 4055 imitatum
739 4013 808 4057 esse
833 3993 1008 4057 Lucianum
1031 3997 1142 4076 poetas
1165 3993 1300 4057 comicos
1317 3995 1348 4057 in
1365 3995 1531 4076 propatulo

358 4103 414 4176 est,
438 4099 613 4178 eademque
637 4099 769 4178 ratione,
794 4120 888 4179 quam
912 4099 1107 4162 adhibebant
1130 4099 1298 4180 scriptores
1324 4101 1365 4163 ad
1387 4107 1531 4164 naturam

358 4205 469 4267 artis
493 4204 670 4269 rhetoricae
703 4206 754 4269 vel
778 4206 910 4268 aliarum
936 4205 1174 4287 disolipinarunr
1204 4207 1380 4286 artiumque
1405 4207 1531 4272 demon·

358 4311 518 4374 strandam
543 4317 575 4375 et
602 4312 884 4393 laudandam,
917 4317 1031 4394 poetae
1057 4311 1168 4375 comici
1191 4312 1241 4375 usi
1265 4318 1336 4376 sunt
1360 4313 1392 4376 iu
1415 4314 1532 4377 fabulis

449 4505 469 4571 1)
490 4504 642 4558 Sudhausio
662 4506 799 4571 permulta
819 4505 904 4558 debeo
924 4505 951 4558 in
971 4505 1022 4558 hoc
1043 4505 1131 4573 eapite
1152 4505 1355 4569 conscribendo.
