3590 5490
696 540 914 599 ...31...

718 820 889 904 captu

220 1015 271 1080 Ile
283 1015 392 1080 larvis
406 1016 588 1098 scaenicis,
604 1015 838 1098 vestimentis
850 1034 979 1098 genere
993 1016 1130 1083 dicendi
1142 1017 1392 1101 parasitorum.

310 1175 449 1240 Graecos
482 1175 514 1238 in
548 1176 718 1240 comoediis
751 1177 883 1257 agendis
907 1177 1003 1240 larvis
1035 1177 1190 1241 scaenicis
1224 1197 1297 1242 usos
1322 1197 1392 1242 esse

220 1286 326 1344 notum
344 1287 405 1345 est:
429 1286 464 1344 ut
479 1282 632 1364 paulatim
654 1303 811 1366 personae
833 1283 973 1348 comicae
997 1289 1085 1347 ortae
1103 1289 1215 1348 auctae
1231 1283 1392 1366 perfectae

220 1393 299 1466 sunt,
328 1387 376 1451 ita
399 1386 508 1453 larvae
541 1408 666 1469 quoque
690 1389 766 1455 illae
790 1390 966 1454 scaenicae.
1011 1391 1078 1454 Iam
1112 1410 1228 1474 operae
1256 1391 1392 1473 pretium

222 1500 268 1558 est
299 1495 500 1577 perscrutari,
534 1495 648 1576 quibus
677 1496 784 1576 larcia,
817 1517 879 1576 quo
906 1497 1092 1560 vestimento
1126 1497 1228 1560 induti
1260 1497 1392 1579 parasiti

219 1620 367 1664 scaenam
400 1601 594 1665 intraverint.
640 1602 798 1666 Pollux
827 1603 858 1666 in
875 1603 963 1666 libro
987 1603 1031 1664 lV
1056 1607 1118 1665 143
1130 1602 1232 1685 sqq.1)
1257 1623 1391 1668 comme-

219 1713 329 1788 morat,
361 1727 514 1789 personas
547 1709 711 1772 scaenicas
746 1709 896 1789 antiquae
913 1703 1112 1774 'comoediae
1141 1709 1259 1774 similes
1294 1709 1392 1774 tuisse

219 1814 397 1877 hominibus
421 1814 493 1896 illis,
518 1815 572 1894 qui
595 1815 809 1879 irridebantur
828 1816 999 1896 comoedia
1023 1815 1074 1880 vel
1091 1817 1281 1900 depravatas
1306 1821 1337 1881 et
1359 1817 1391 1880 in

219 1921 309 2003 peius
333 1922 434 2003 pictas
457 1941 514 2002 pro
538 1922 677 1985 moribus
701 1923 901 2004 ingeniisque
924 1923 1049 1986 illorum
1073 1923 1242 1987 hominum.

308 2045 636 2128 Aristophanes
669 2045 701 2109 in
731 2046 902 2125 comoedia,
936 2067 1018 2127 quae
1050 2047 1233 2110 inscribitur
1258 2055 1391 2132 Σφῆκες,

220 2151 369 2217 Cleonem
418 2152 615 2216 adulatorem
662 2152 772 2233 Demi,
820 2154 978 2217 Thecrum
1019 2153 1145 2218 Cleonis
1194 2153 1391 2218 adulatorem

220 2259 393 2341 appellavit
426 2258 477 2340 (cl.
511 2279 608 2340 supra
640 2280 711 2342 pag.
747 2260 810 2343 12).
856 2260 974 2324 Theori
1006 2260 1091 2324 illius
1125 2261 1241 2324 mentio
1274 2260 1311 2324 iit
1342 2281 1391 2326 vv,

218 2367 343 2446 esne:

378 2468 483 2535 ἐδόκει
508 2469 544 2534 όέ
565 2494 623 2553 μοι
651 2475 777 2556 θέναρος
796 2472 895 2558 αὐτῆς
919 2473 1058 2558 πλησίον

342 2637 345 2646 ,
377 2579 480 2659 χαμαὶ
504 2581 680 2663 καθῆσθαι
703 2578 769 2662 τὴν
793 2579 964 2663 κεφαλὴν
989 2576 1156 2665 κόρακος
1179 2577 1285 2658 ἔχων.

379 2678 436 2748 εἶτ’
460 2679 659 2770 Ἀλκιβιάδης
683 2678 757 2748 εἶπε
781 2683 866 2770 πρός
888 2709 929 2768 με
952 2686 1141 2772 τραυλίσας·

380 2789 469 2876 όλᾷς;
497 2792 623 2868 esculos
645 2792 711 2877 τὴν
735 2793 907 2878 κεφαλὴν
931 2790 1095 2868 κόλακος
1118 2790 1240 2879 ἔχειῖ).

219 2971 321 3050 Velim
338 2988 481 3052 conferas
502 3009 569 3052 cum
596 2989 645 3051 his
661 2988 881 3071 Aristophanis
897 2990 1012 3065 verbis,
1039 3009 1121 3069 quae
1141 2988 1234 3053 ailert
1257 2990 1391 3072 scriptor

218 3092 291 3157 libri
312 3094 392 3158 ialso
409 3095 610 3159 Aristoteli
632 3095 750 3176 tributi,
768 3097 822 3175 qui
839 3096 1021 3159 inscribitur
1037 3096 1260 3177 Physiognom.
1279 3097 1390 3176 (811ss

220 3201 287 3282 61):
308 3197 358 3281 „oi
375 3199 482 3284 δὲτὴν
499 3199 572 3286 ῥῖνα
590 3197 794 3286 ἐπίγροπνον
811 3199 939 3280 ἔχοντες
955 3198 1023 3264 ἀπὸ
1040 3212 1099 3263 τοῦ
1113 3205 1270 3282 μετώπου
1290 3202 1391 3278 εὐθὺς

219 3300 377 3392 ἀγομένην
395 3300 551 3382 ἀναιδεῖς·
574 3302 774 3393 ἀναφέρεται
791 3305 848 3370 ἐπὶ
865 3308 940 3384 τοὺς
960 3305 1165 3393 κόρακαςζί.
1197 3309 1238 3372 nt
1253 3309 1390 3373 Pollux

218 3413 276 3492 (IV
306 3416 382 3493 148)
412 3413 504 3478 dicit:
543 3410 664 3494 Ηκόλαξ
691 3412 749 3494 μὲν
777 3414 832 3476 καὶ
860 3411 1044 3499 παρόοιιος
1072 3411 1272 3500 ἐπίγροπτοι
1299 3414 1388 3476 κτλ.“

219 3519 263 3582 ot.
289 3539 370 3600 quae
404 3521 495 3583 affert
518 3520 753 3584 Dieterich
782 3521 973 3600 (Pulcinella
1004 3543 1077 3604 pag.
1102 3523 1223 3606 34p35),
1257 3522 1311 3602 qui
1336 3541 1389 3584 ex-

217 3627 325 3709 plicat,
361 3627 455 3707 quale
490 3627 650 3708 ingenium
684 3627 774 3690 larva
806 3627 862 3690 illa
895 3628 1096 3709 significetur.
1153 3629 1222 3691 Huc
1258 3627 1390 3708 accedit,

218 3732 303 3813 quod
326 3733 511 3814 saepissime
543 3733 677 3815 parasiti
710 3753 780 3797 cum
804 3735 906 3797 corvis
931 3739 1161 3816 comparantur,
1185 3740 1220 3796 ut
1244 3755 1263 3796 a
1286 3735 1389 3797 Dio·

217 3859 326 3920 gene
355 3839 492 3922 (Anthol.
515 3839 582 3902 Pal.
606 3840 651 3900 XI
676 3842 749 3920 323,
783 3841 820 3903 ci.
844 3860 941 3922 supra
963 3861 1035 3923 pag.
1062 3844 1102 3902 12
1127 3861 1198 3905 ann.
1224 3839 1266 3924 3),
1300 3841 1389 3904 euius

217 3948 315 4009 verba
339 3945 499 4008 simillima
522 3949 595 4008 sunt
619 3945 762 4009 versibus
778 3946 1007 4028 Aristophanis,
1053 3946 1287 4028 Epictetus
1312 3966 1389 4026 quo-

218 4073 279 4133 qne
301 4053 399 4135 (apud
415 4033 585 4116 Maximum
603 4053 733 4135 Tyrium
750 4055 828 4116 XlII
851 4075 922 4135 pag.
941 4057 996 4131 54)
1021 4054 1177 4135 parasitos
1200 4073 1270 4116 cum
1287 4053 1388 4117 corvis

309 4265 329 4332 1)
348 4265 394 4323 „T
392 4268 409 4314 ὰ
423 4262 452 4315 δὲ
471 4268 577 4329 κιομικὰ
596 4269 734 4334 πρόσωπα
752 4268 787 4314 τὰ
799 4267 852 4330 μὲν
864 4273 910 4328 τῆς
923 4262 1036 4318 παλαιᾶς
1053 4261 1197 4330 κωμῳδίας
1217 4268 1253 4318 ὡς
1271 4267 1304 4314 τὸ
1318 4262 1389 4314 πολὺ

217 4365 273 4406 cole
301 4359 467 4421 προσώποις,
497 4352 537 4404 ὧν
565 4351 741 4418 ἐκονιιιριλοον,
770 4356 931 4414 ἀπεικάζετο
951 4357 966 4417 ἢ
986 4354 1030 4403 ἐπὶ
1058 4357 1091 4403 τὸ
1118 4351 1292 4422 γελοιότερον
1316 4353 1389 4418 ἒοχη·

216 4447 334 4506 μάτιοτο
354 4440 429 4492 κτλ.“

307 4533 327 4598 ²)
349 4531 387 4584 Cf.
409 4546 490 4598 supra
508 4547 571 4599 pag.
587 4533 627 4598 12,
647 4530 784 4595 Ribbeck,
804 4532 821 4583 l.
837 4548 858 4585 c.
873 4547 935 4599 pag.
950 4531 992 4584 11.
